2336 3736
889 1079 1140 1152 LIBER
1194 1081 1616 1154 TERTIUS.

1064 1357 1149 1409 DE
1184 1357 1424 1410 VERRO.

367 1475 555 1518 Verbum
588 1479 805 1535 utriusque
838 1482 1019 1535 linguae,
1053 1487 1090 1521 et
1124 1480 1368 1522 hibernicae
1403 1488 1438 1522 et
1468 1481 1742 1531 britannicae,
1775 1498 1858 1523 non
1885 1482 2019 1523 solum
2042 1480 2235 1522 flexioni-

255 1545 333 1584 bus
366 1546 564 1590 abundat,
600 1547 675 1588 sed
698 1549 820 1589 etiam
858 1547 1074 1603 pai-titulis
1107 1549 1407 1590 comitantibus
1441 1549 1590 1591 codem
1624 1550 1711 1591 fere
1744 1551 1882 1595 modo,
1918 1564 2000 1605 quo
2033 1548 2235 1590 articulus

255 1620 320 1653 est
351 1614 606 1654 substantivi
632 1629 786 1655 comes.
849 1615 970 1667 Quae
1006 1615 1252 1670 particulam
1285 1623 1520 1671 temporum
1543 1618 1817 1672 potissimum
1849 1617 2026 1666 indices,
2060 1615 2232 1656 multum

253 1680 456 1722 adiuvant
495 1690 679 1736 systema
721 1683 836 1723 verbi
873 1682 1024 1724 celtici..
1099 1684 1258 1737 Agetur
1301 1698 1401 1738 ergo
1442 1685 1625 1740 singulis
1661 1685 1874 1741 capitibus
1915 1684 1967 1726 de
2000 1689 2233 1738 systemate

255 1748 375 1789 verbi
408 1749 586 1803 eiusque
620 1750 855 1803 part-iculi&
891 1758 1016 1806 atque
1053 1751 1104 1792 de
1136 1750 1331 1793 flexione.

2142 1847 2167 1863 Q

1014 2011 1233 2065 CAPUT
1267 2011 1482 2066 PRlUS.

613 2122 681 2169 De
725 2131 991 2187 systemate
1032 2125 1165 2170 verbi
1213 2136 1261 2171 et
1301 2125 1549 2188 particulis
1586 2124 1877 2171 verbalibus.

370 2254 648 2296 Monumenta
678 2257 911 2298 vetustiora
944 2272 1023 2298 tam
1056 2258 1167 2298 inter
1189 2272 1235 2299 se
1267 2272 1395 2312 quam
1426 2272 1522 2299 cum
1542 2257 1855 2299 recentioribus
1887 2258 2058 2313 linguae
2087 2258 2237 2299 forma-

253 2321 440 2363 tionibus
473 2329 719 2377 comparata
751 2323 1040 2365 demonstrant
1075 2340 1204 2365 unum
1236 2325 1436 2380 idemque
1470 2332 1660 2380 systema
1698 2324 1820 2365 verbi
1851 2324 1993 2366 celtici
2024 2323 2235 2380 principio

253 2386 401 2428 valens
434 2403 509 2443 per
533 2404 681 2431 omnes
714 2390 934 2432 dialectos.
992 2392 1182 2433 Produnt
1213 2392 1255 2432 in
1289 2399 1466 2447 utroque
1499 2406 1669 2447 genere,
1703 2391 1882 2433 activo
1915 2397 1957 2433 et
1986 2391 2234 2447 passivo,

254 2469 274 2494 e
307 2455 463 2508 quibus
502 2455 581 2497 hoc
614 2456 842 2498 flexionum
882 2459 1032 2513 copiae
1071 2459 1153 2500 iam
1203 2466 1266 2500 est
1304 2459 1505 2511 minoris,
1545 2466 1669 2501 terna
1698 2465 1912 2513 tempora:
1960 2472 2234 2514 praesens,

255 2522 622 2575 praeteritum,
655 2523 897 2565 futurum.
952 2523 1062 2567 Sunt
1093 2535 1234 2567 autem
1267 2525 1456 2581 duplicia
1486 2525 1594 2567 haec
1625 2532 1830 2581 tempora,
1865 2531 2012 2582 utpote
2043 2523 2234 2580 prima-

252 2587 327 2628 ria
358 2594 399 2629 et
430 2604 450 2630 s
465 2604 593 2631 ecun
608 2589 721 2631 dari
738 2606 780 2643 a,
817 2591 1057 2633 differentia
1078 2593 1452 2634 terminationibus
1475 2608 1758 2648 personarum
1779 2599 1822 2635 et
1842 2608 1936 2634 usu.
1973 2591 2128 2635 ,Trium
2149 2592 2236 2646 pri-

250 2655 479 2696 mariorum
510 2656 736 2698 indicativi
766 2657 904 2700 forma
940 2659 1162 2701 indicativi
1203 2675 1376 2702 sensum
1414 2675 1517 2716 prae
1550 2675 1596 2701 se
1624 2659 1724 2712 fert;
1765 2660 1818 2701 de
1847 2658 2113 2702 secundariis
2153 2658 2235 2700 duo

256 2729 339 2762 tam
374 2722 586 2774 indicant,
620 2723 699 2765 hac
729 2725 999 2780 potissimum
1030 2726 1250 2768 functione
1283 2726 1563 2782 congruentia
1596 2741 1689 2768 cum
1721 2726 1776 2768 iis
1806 2726 2090 2782 temporibus,
2129 2739 2235 2780 quae

252 2804 277 2829 a
297 2790 586 2843 grammaticis
618 2790 763 2834 latinis
795 2793 995 2835 dic-untur
1016 2793 1309 2848 imperfectum
1341 2800 1383 2835 et
1404 2793 1878 2850 plusquamperfectum,
1912 2806 2035 2847 quam
2067 2790 2110 2832 in
2133 2805 2232 2833 con-

252 2856 470 2898 iunctione
492 2864 534 2898 et
555 2858 807 2900 condicione
831 2859 1095 2912 adhibentur7
1127 2861 1154 2902 i.
1181 2875 1214 2902 e.
1238 2860 1282 2901 in
1306 2861 1451 2903 eadem
1473 2861 1610 2902 forma
1640 2876 1724 2915 qua
1746 2875 1841 2902 cum
1860 2858 2083 2900 indicativi
2106 2873 2235 2900 sensu

255 2923 393 2976 posita
414 2924 677 2966 coniunctivi
701 2933 742 2967 et
763 2927 1010 2981 potentialis
1034 2927 1432 2984 condicionalisque
1456 2927 1549 2969 vice
1571 2929 1821 2983 funguntur3
1855 2925 2026 2967 tertium
2048 2932 2144 2967 cum
2165 2941 2232 2967 ro-

251 3005 484 3032 manarum.
520 3006 626 3046 quas
660 2992 817 3045 dicunt,
850 2994 1091 3048 linguarum
1124 2994 1264 3036 futuro
1297 2994 1544 3050 imperfecto
1577 2994 1647 3035 vel
1669 2991 1956 3034 condicionali
1987 3007 2235 3047 comparan-

254 3057 370 3109 dum,
413 3059 465 3099 ab
498 3058 728 3101 indicativo
767 3060 855 3101 fere
897 3060 1117 3114 exclusum
1160 3061 1433 3103 coniunctive
1476 3067 1547 3102 aut
1578 3059 1933 3102 condicionaliter
1970 3059 2073 3115 poni
2112 3059 2233 3101 solet.

252 3124 286 3165 F
298 3127 435 3166 uturi
469 3127 645 3167 exacti
680 3127 853 3182 propria
883 3126 1029 3179 forma,
1064 3127 1204 3169 aliena
1234 3144 1260 3169 a
1290 3127 1485 3169 dialectis
1517 3127 1783 3179 britannicis,
1817 3127 1861 3167 in
1891 3132 2060 3167 vetusta
2088 3126 2235 3181 lingua

251 3190 473 3233 hibernica
501 3207 755 3249 quamquam
789 3200 924 3245 extat,
965 3201 1106 3236 tamen
1136 3210 1276 3250 neque
1308 3210 1387 3236 usu
1420 3208 1590 3248 semper
1621 3194 1896 3250 distinguitur
1925 3209 1951 3235 a
1978 3192 2120 3235 futuro
2150 3193 2235 3248 pri-

252 3259 407 3307 mario„
441 3274 520 3301 nec
552 3260 685 3301 forma
715 3276 739 3301 a
770 3261 1043 3303 coniunctivo
1076 3262 1164 3316 (vel
1197 3260 1465 3318 optativo)
1497 3262 1729 3315 praeteriti.

368 3325 723 3368 Coniunctivi
754 3328 885 3369 forma
917 3330 1088 3384 propria
1120 3329 1163 3370 in
1188 3329 1381 3370 dialectis
1407 3327 1657 3368 britannicis
1689 3329 1796 3370 ultra
1828 3342 2034 3384 praesens
2064 3333 2233 3382 tempus

253 3391 325 3433 vix
363 3406 517 3447 patens
557 3394 673 3447 (cum
711 3395 755 3435 in
787 3402 869 3435 vet.
901 3394 1123 3438 hibernica
1159 3396 1366 3451 reliquiae
1409 3393 1520 3435 coni.
1554 3396 1771 3449 praeteriti
1809 3393 1972 3448 extent)
2014 3394 2058 3435 in
2097 3393 2232 3436 isdem
