2336 3736
234 220 387 263 XXVI
431 218 864 263 (XXXVI—XXXVIII)
968 233 1222 265 PRAnrA‘rm
1253 232 1495 265 Auc'ronxs.

234 345 316 387 huc
345 344 590 397 redolentia,
623 345 698 387 sed
721 345 1035 401 corruptionem
1055 345 1265 400 pristinae
1295 344 1574 401 ingenuitatis
1604 345 1774 387 iamiam
1805 345 1934 394 etiam
1962 346 2204 403 prodentia.

236 416 493 459 Vetustioris
525 417 676 460 aetatis
708 418 880 474 linguae
912 418 1056 460 vicina
1087 424 1153 460 est
1184 419 1310 460 etiam
1340 418 1487 473 lingua
1505 418 1760 461 narrationis
1792 418 2037 480 hibernicae
2066 420 2205 463 editae

238 491 316 532 sub
347 490 468 532 titulo
499 490 680 533 Deirdri
709 491 762 532 ab
795 490 1099 546 O'Flanagano
1129 491 1191 549 (p.
1222 492 1318 545 956,
1349 497 1436 533 not.
1466 490 1520 546 *).
1582 490 1777 547 Vestigia
1802 491 1943 546 prima
1980 492 2106 535 huius
2138 509 2206 536 re-

237 563 439 606 centioris
478 563 630 606 aetatis
668 563 849 606 offerunt
885 564 1058 607 codices
1090 564 1251 607 saeculi
1282 563 1498 606 undecimi
1529 564 1745 618 exeuntis,
1786 580 1822 608 e.
1854 579 1915 620 gr.
1947 565 2084 608 codex
2113 565 2208 610 Ma-

236 636 345 678 riani
377 635 494 679 Scoti
514 634 867 693 chronographi,
906 637 978 693 qui
1019 652 1097 693 pro
1127 637 1360 681 vetustiore
1397 651 1468 678 cen
1498 637 1667 679 eho-etim
1703 638 1788 680 iam
1818 638 2094 695 scriptionem
2127 654 2208 696 qen

237 709 423 750 ckredem
452 708 652 762 ostendit,
684 724 793 764 quae
823 709 950 753 hodie
981 717 1046 753 est
1072 726 1157 767 qan
1187 710 1429 763 chreideam,
1461 709 1598 766 [recte
1627 716 1769 753 autem
1798 711 1843 753 in
1863 712 2125 755 nominativo
2155 713 2207 766 ri,

238 782 289 834 ri,
319 781 509 823 nondum
537 783 615 838 re'y,
645 789 696 824 ut
720 783 762 823 rz'
780 784 898 840 layen
928 784 1026 838 (rex
1043 783 1365 840 Lageniorum),
1396 785 1439 824 ri
1455 783 1559 824 ulad
1587 783 1688 838 (rex.
1703 782 2008 840 Ultoniorum),
2039 787 2083 826 ri
2101 786 2210 827 arad

238 854 333 908 (rex
353 853 631 910 Dalaradiae)
661 855 800 898 Pertz.
826 859 862 909 7,
885 858 981 899 481.
1004 857 1104 913 559]
1139 864 1182 900 et
1211 858 1306 899 sine
1335 871 1356 898 e
1383 856 1502 899 finali
1532 856 1777 910 clausenair,
1809 857 2011 901 classenm
2040 857 2115 913 (cf.
2136 872 2210 900 no-

240 928 331 980 tire,
363 926 522 968 ocham
540 944 581 984 p.
606 929 722 983 780),
756 935 798 971 et
817 930 952 972 codex
975 930 1489 986 Claustroneoburgensis
1509 929 1785 973 consentiens
1807 930 2038 989 scriptione
2060 946 2210 974 vocum

242 1001 367 1057 rale'q,
394 1000 610 1058 yombond,
645 1002 731 1044 ldin
762 1002 1024 1062 aliarumque
1054 1003 1128 1061 (cf.
1159 1019 1232 1063 pp.
1254 1004 1352 1048 954.
1374 1004 1470 1056 961,
1490 1001 1614 1059 not).

786 1265 1133 1311 CODICES
1179 1264 1674 1311 BRITANNICI.

357 1366 519 1410 Extant
561 1369 762 1412 cambrici
809 1369 982 1426 quidam
1026 1369 1227 1426 aequales
1272 1368 1504 1412 hibernicis
1553 1366 1773 1411 codicibus
1827 1367 2086 1410 enumeratis
2131 1372 2217 1409 tam

245 1445 384 1482 aetate
430 1455 554 1496 quam
584 1428 818 1497 contentis,
865 1443 1024 1499 glossis
1053 1443 1221 1486 scilicet
1263 1442 1421 1485 additis
1461 1442 1515 1484 ad
1551 1447 1694 1483 textus
1734 1439 2014 1495 vetustiores,
2060 1439 2218 1484 servati

247 1512 465 1569 Oxoniae,
496 1515 551 1557 ob
581 1530 690 1571 quos
720 1516 951 1573 praecipue
982 1517 1108 1559 etiam
1139 1515 1406 1559 Britanniam
1435 1515 1552 1557 adire
1584 1513 1875 1557 necessarium
1905 1513 2021 1558 duxi.
2078 1513 2220 1556 Acce-

248 1586 354 1629 dunt
397 1588 463 1631 his
501 1588 588 1632 alia
626 1596 900 1633 monumenta
940 1595 1135 1634 vetustae
1172 1590 1345 1646 linguae
1383 1587 1621 1631 cambricae
1660 1587 1854 1644 inventa,
1901 1593 1948 1629 ut
1990 1586 2037 1629 in
2074 1586 2222 1630 codice

247 1660 539 1704 Lichfeldensi
578 1668 620 1718 et
649 1662 1040 1719 Luxemburgensi,
1088 1669 1131 1705 et
1164 1663 1249 1705 iam
1284 1661 1401 1719 typis
1438 1661 1663 1718 impressa.
1734 1660 1892 1705 Omnia
1926 1667 2072 1703 tamen
2115 1659 2222 1702 haec

248 1734 424 1778 multum
448 1735 686 1779 'hibernicis
718 1743 984 1794 superantur,
1017 1736 1109 1779 sive
1139 1736 1319 1779 habetur
1349 1734 1501 1791 copiae
1520 1733 1628 1777 ratio
1660 1734 1752 1777 sive
1774 1733 1993 1777 doctrinae
2025 1740 2067 1775 et
2086 1731 2223 1789 scrip-

249 1813 389 1862 turae,
432 1824 542 1866 quae
580 1810 627 1852 in
663 1810 916 1867 quibusdam
957 1816 1023 1853 est
1060 1809 1248 1866 impura,
1292 1808 1493 1860 barbara,
1545 1807 1749 1864 quamvis,
1777 1807 1951 1865 linguae
1980 1804 2221 1849 cambricae

250 1881 389 1936 ipsius
410 1882 764 1926 animadvertitur
792 1883 1001 1926 vetustior
1031 1882 1194 1940 puritas
1216 1888 1270 1942 *et
1291 1880 1493 1938 gravitas.
1554 1880 1819 1934 Poematum,
1851 1880 2094 1924 chartarum
2122 1892 2226 1922 con-

251 1954 475 1997 tinentium
506 1971 704 2012 agrorum
734 1956 804 2000 vel
825 1957 970 1999 finium
994 1955 1305 2013 descriptiones
1337 1962 1464 2012 atque
1485 1954 1628 2010 legum
1648 1954 1957 1998 cambi-icarum
1984 1967 2096 2010 quae
2127 1956 2227 1995 sunt

252 2026 445 2070 eiusdem
483 2030 636 2072 aetatis
674 2031 742 2074 vel
772 2030 1019 2074 vetustioris
1056 2029 1125 2072 vel
1155 2029 1284 2072 etiam
1321 2028 1449 2085 paulo
1479 2026 1752 2081 recentioris,
1790 2043 1878 2070 non
1919 2025 1968 2069 in
2004 2024 2226 2069 codicibus

252 2101 504 2156 aequalibus
536 2103 710 2160 scriptis
741 2118 791 2147 eo
822 2110 1023 2160 tempore,
1056 2118 1140 2160 quo
1172 2107 1266 2145 o‘rta
1295 2109 1396 2144 sunt
1424 2101 1522 2158 ipsa
1550 2106 1825 2145 monumenta
1853 2100 1989 2157 (quos
2010 2097 2127 2142 solos
2155 2112 2228 2141 co·

253 2175 372 2217 dices
411 2176 577 2231 quaerit
606 2176 780 2232 linguae
811 2183 1009 2220 vetustae
1037 2175 1309 2232 indagator),
1356 2182 1526 2219 servata
1565 2180 1692 2227 sunt,
1736 2174 1811 2217 sed
1843 2173 1889 2215 in
1916 2170 2227 2216 recentioribus

252 2249 510 2305 transcripta
541 2256 583 2292 et
611 2250 910 2293 transformata
938 2250 1224 2292 inveniuntur.
1285 2248 1565 2292 Aremoricae
1605 2253 1801 2291 vetustae
1827 2245 2019 2303 ,glossae
2054 2243 2125 2288 vel
2162 2258 2228 2287 re·-

252 2322 437 2366 lationes
467 2324 640 2366 omnino
673 2324 829 2366 desunt
867 2324 1069 2381 (excepta
1100 2339 1184 2366 una
1213 2323 1305 2380 agri
1335 2321 1624 2379 descriptione
1654 2320 1774 2364 brevi
1804 2320 1850 2362 in
1888 2318 2038 2362 charta
2066 2334 2103 2361 a,
2125 2317 2228 2371 8213

255 2395 307 2438 cf.
338 2411 379 2452 p.
411 2396 536 2452 663),
574 2396 651 2442 sed
689 2404 836 2440 extant
875 2396 1132 2440 chartularia
1168 2396 1520 2440 monasteriorum
1551 2409 1748 2450 magnam
1784 2392 2004 2435 nominum
2032 2389 2228 2447 proprio-

254 2484 345 2510 rum
364 2469 615 2525 praesertim
647 2469 830 2513 virorum
851 2471 1019 2527 copiam
1049 2469 1314 2514 continentia
1342 2469 1388 2511 in
1409 2469 1566 2512 chartis
1588 2467 1699 2510 datis
1728 2465 1828 2509 inde
1858 2480 1885 2508 a
1905 2463 2077 2507 saeculo
2097 2476 2228 2517 nono,

257 2556 311 2585 ex
330 2550 451 2599 parte
480 2549 645 2586 tantum
664 2543 781 2600 typis
812 2544 1034 2600 impressa.
1095 2542 1218 2597 Quae
1250 2550 1295 2584 ut
1314 2543 1440 2599 plene
1471 2547 1515 2584 et
1533 2540 1778 2598 incorrupte
1799 2537 1960 2595 publici
1979 2536 2086 2580 iuris
2108 2536 2226 2590 fiant,

259 2622 325 2659 est
354 2631 611 2673 magnopere
648 2618 891 2673 optandum.
952 2616 1185 2661 Cornicum
1214 2615 1553 2659 vetustissimum
1583 2618 1901 2656 monumentum
1931 2615 1999 2653 est
2026 2608 2227 2652 Vocabu-

259 2688 411 2731 larium
450 2689 611 2732 saeculi
643 2690 810 2732 circiter
839 2690 953 2732 tertii
983 2689 1159 2739 decimi,
1195 2688 1400 2732 Londinii
1432 2694 1708 2731 asservatum.
1775 2685 1828 2728 In
1857 2683 1925 2727 his
1956 2696 2057 2738 ergo
2093 2681 2232 2725 maior

261 2762 387 2805 etiam
418 2764 768 2807 animadvertitur
796 2764 987 2820 penuria.

373 2836 523 2879 Trium
543 2838 818 2880 dialectorum
850 2838 1056 2894 ampliora
1084 2841 1360 2879 monumenta
1389 2835 1557 2879 demum
1590 2847 1642 2875 ex
1663 2846 1748 2876 uno
1779 2830 2014 2886 eodemque
2042 2833 2232 2884 tempore

260 2910 430 2953 circiter
462 2916 627 2960 extant,
668 2912 839 2954 saeculo
871 2918 1020 2967 quarto
1053 2910 1243 2963 decimo,
1274 2908 1391 2965 typis
1422 2907 1633 2963 impressa
1659 2905 1742 2947 iam
1773 2902 1936 2956 omnia,
1967 2900 2232 2944 narrationes

263 2984 426 3026 codicis
455 2985 573 3027 rubri
604 2985 861 3037 cambricae,
900 2985 1048 3041 passio
1081 2982 1242 3026 Christi
1279 2980 1451 3024 cornica
1488 2986 1532 3023 et
1558 2979 1649 3022 vita
1684 2977 1730 3021 S.
1759 2975 1947 3020 Nonitae
1983 2972 2232 3027 aremorica,

265 3073 317 3100 er.
339 3057 493 3113 quibus
525 3072 633 3113 quae
663 3057 1296 3101 defecerant.monumentorum
1318 3052 1565 3096 vetustioris
1593 3051 1746 3093 aetatis
1772 3048 1963 3106 penuria,
1995 3045 2236 3104 supplenda

266 3136 388 3173 erant
422 3130 469 3189 in
505 3130 587 3173 hoc
624 3145 766 3187 opere.
825 3130 922 3173 Hos
953 3129 1125 3173 codices
1168 3128 1237 3171 vel
1279 3142 1420 3170 eorum
1453 3124 1665 3168 editiones
1705 3122 1962 3166 enumerabo
1999 3117 2233 3162 secundum

266 3202 473 3246 dialectos
504 3203 646 3260 ipsas.>

382 3275 611 3319 Codices
642 3276 917 3319 cambrici.
979 3278 1015 3316 1.
1048 3273 1311 3317 Oxoniensis
1333 3271 1467 3329 prior:
1499 3270 1635 3314 codex
1657 3266 1920 3313 oxoniensis
1950 3262 2236 3309 bibliothecae

267 3348 530 3392 Bodleianae
564 3350 790 3392 distinctus
822 3349 1034 3406 quondam
1062 3353 1164 3390 nota
1193 3344 1287 3387 NE.
1319 3344 1375 3387 D.
1399 3345 1437 3387 2.
1464 3345 1527 3397 19,
1559 3358 1673 3385 nunc
1702 3343 1830 3385 Auct.
1847 3339 1896 3383 F.
1919 3337 2075 3391 4—32,
2103 3350 2234 3378 mem-

268 3423 506 3467 branaceus
534 3422 693 3466 formae
721 3421 916 3476 minoris,
957 3436 980 3464 e
1017 3419 1211 3479 pluribus
1249 3417 1462 3461 codicillis
1497 3421 1764 3475 compactus,
1803 3412 2046 3470 descriptus
2083 3408 2171 3452 iam
2209 3423 2237 3451 a
