2336 3736
242 232 324 275 936
355 233 544 273 (912·913)
709 230 785 273 VI.
817 231 856 274 2.
904 241 1223 274 consrnucrio
1252 241 1448 274 vomica
1476 243 1748 276 arenarum.

354 354 670 411 Disputandum
701 354 831 406 igitur
872 359 939 396 est
969 353 1211 396 accuratius
1243 353 1296 397 de
1327 357 1600 412 proprietate,
1634 357 1759 412 siqua
1790 363 1867 410 est,
1899 357 2219 410 consonantiae,

243 428 286 462 nt
310 421 462 470 finah‘s,
497 422 548 463 de
571 421 882 477 qualiscunque
912 421 1220 465 consonantiae
1241 421 1336 465 loco
1359 437 1482 479 quem
1504 424 1669 466 obtinet
1697 425 1741 466 in
1773 424 1981 478 versibus,
2015 424 2066 467 de
2086 425 2223 484 versi-

242 490 432 531 culorum
454 490 772 531 constructicne
794 489 837 531 in
859 490 1133 543 carminibus,
1158 497 1241 532 tam
1263 490 1377 547 apud
1395 489 1615 533 Hibernos
1638 506 1766 547 quam
1788 491 1901 548 apud
1922 491 2221 542 Britannorum

242 557 438 612 populos,
488 556 556 598 De
578 556 758 612 gallicae
789 556 957 612 priscae
990 557 1149 599 formae
1181 558 1377 614 poeticae
1406 557 1603 613 reliquiis
1634 558 1908 615 suspicandis
1938 559 2050 616 apud
2072 564 2223 616 poetas

242 623 373 665 latine
412 622 670 666 scribentes
689 623 816 665 etiam
846 623 937 677 hic,
980 624 1093 667 sicut
1120 624 1165 666 in
1197 624 1293 667 aliis
1324 626 1537 681 capitibus
1569 626 1621 668 de
1653 626 1748 669 aliis
1781 626 2055 683 argumentiS,
2088 626 2247 668 disse--

242 696 357 732 retur
390 705 473 732 una
504 704 599 732 cum
631 690 863 734 hibernicis
895 691 1203 735 vetustioribus
1233 693 1429 748 poeticis.

652 1097 689 1146 Ι.
750 1098 1144 1147 Oonstructio
1187 1099 1431 1164 poetica
1476 1099 1813 1147 hibernica.

358 1233 556 1275 Formam
586 1231 843 1288 primitivam
875 1233 1184 1275 consonantiae
1214 1233 1359 1275 finalis
1393 1233 1732 1288 monosyllabam
1753 1233 2017 1290 transgressi
2045 1233 2099 1275 ad
2131 1247 2232 1275 con*-

248 1301 488 1344 sonantiam
526 1301 800 1356 bisyllabam,
840 1303 1054 1343 interdum
1093 1300 1161 1342 vel
1200 1300 1327 1342 trium
1368 1300 1647 1356 syllabarum,
1689 1310 1731 1344 et
1768 1301 1951 1344 Hiberni
1995 1307 2148 1357 poetae
2192 1308 2233 1344 et

247 1368 402 1419 Latini,
436 1368 508 1423 qui
540 1368 652 1410 illam
680 1369 852 1410 formam
884 1369 991 1425 (qua
1021 1370 1219 1412 conicere
1240 1368 1343 1410 licet
1370 1368 1455 1411 iam
1485 1375 1680 1412 vetustos
1702 1368 1854 1413 Gallos
1887 1385 1989 1413 usos
2022 1371 2142 1426 esse)
2172 1370 2232 1412 la-

247 1436 348 1477 tinis
380 1436 639 1477 carminibus
671 1436 824 1478 imitati
857 1444 968 1490 sunt,
1003 1436 1176 1492 saepius
1206 1445 1486 1492 perrexerunt
1516 1451 1640 1493 quam
1666 1436 1848 1491 Cambri,
1881 1438 1952 1495 qui
1975 1438 2232 1495 primitivam

250 1503 361 1545 illam
395 1503 732 1558 monosyllabam
772 1504 859 1546 fere
892 1512 1136 1557 servarunt,
1175 1519 1270 1546 raro
1311 1503 1566 1560 bisyllabam
1603 1505 1951 1549 terminationum
1989 1506 2234 1562 grammati-

250 1586 408 1622 carum,
441 1577 487 1611 ut
516 1572 613 1623 -z'eu,
648 1574 748 1622 -t'ora,
783 1572 1079 1614 adhibuerunt.
1148 1572 1345 1628 Apparet
1374 1571 1590 1626 bisyllaba
1621 1574 1903 1615 consonantia
1931 1573 2154 1616 hibernica
2190 1574 2235 1617 in

250 1638 430 1681 vetustis
468 1638 694 1680 sententiis
733 1638 987 1691 hibernicis,
1029 1654 1137 1695 quae
1175 1639 1375 1682 videntur
1404 1640 1651 1695 proverbia,
1706 1647 1768 1682 ut:
1807 1640 1970 1697 isqna'th
2009 1643 2060 1683 do
2097 1641 2237 1684 cobio-

249 1708 346 1749 caelz.
377 1705 509 1746 lobio·
539 1704 740 1760 ifoolzz‘dib
778 1704 857 1762 (gl.
898 1707 969 1762 qui
1002 1707 1247 1750 consolatur
1279 1707 1462 1749 humiles
1494 1707 1621 1759 deus;
1661 1708 1688 1750 i.
1723 1721 1758 1749 e⁴
1800 1716 2051 1752 consuetum
2094 1717 2161 1753 est
2198 1710 2238 1752 ei

252 1773 461 1815 auxilium
494 1773 649 1816 debilis
688 1772 882 1816 cuiusvis
913 1775 957 1816 in
996 1774 1487 1830 t1·ibu1ati0nibus)Wb.
1525 1776 1604 1816 16⁴.
1665 1775 1812 1818 Facile
1842 1791 1928 1817 non
1960 1777 2097 1820 solum
2128 1779 2238 1821 hanc

251 1842 575 1883 consonantiam
614 1841 942 1897 suppeditarunt
970 1844 1182 1885 vocabula
1219 1843 1458 1898 composita
1488 1858 1585 1885 cum
1615 1859 1694 1896 ew,
1727 1845 1816 1894 dm,
1848 1858 1899 1896 33
1931 1845 1979 1884 d·
2017 1846 2099 1888 sibi
2131 1861 2233 1888 con-

248 1908 390 1961 traria,
427 1915 471 1950 ut
500 1920 668 1962 somme,
700 1909 860 1950 domme
893 1908 1056 1965 (dives,
1088 1910 1249 1967 inops),
1280 1912 1394 1964 so'z're,
1427 1911 1540 1954 (loire
1571 1911 1721 1966 (salus.
1752 1911 1963 1965 miseria),
1996 1913 2072 1956 sed
2103 1913 2233 1957 etiam

249 1976 536 2032 trisyllabam:
577 1976 838 2018 sochumaclzt
878 1992 930 2018 no
970 1978 1254 2033 dochumackt,
1285 1981 1421 2036 sualiy
1451 1980 1615 2035 dualis),
1647 1980 1865 2021 soz'nmiclze
1902 1980 2155 2035 do'inmiclae,
2190 1983 2238 2024 di

256 2044 503 2086 so'z'nmeclzib
540 2046 557 2085 7
593 2043 847 2085 clo'inmechsb
880 2044 942 2101 (p.
976 2044 1092 2101 863).

367 2112 594 2154 Recentior
634 2126 702 2153 ars
743 2111 915 2167 poetica
952 2109 1263 2167 Hibernorum,
1307 2113 1353 2156 in
1392 2129 1573 2171 quorum
1622 2114 1880 2157 carminibus
1920 2115 2043 2171 plura
2078 2131 2236 2171 genera

254 2180 562 2222 versiculorum
602 2179 730 2221 certis
764 2179 1024 2235 syllabarum
1052 2181 1241 2223 numeris
1273 2181 1688 2238 circumscriptorum
1719 2183 2016 2236 inveniuntur,
2047 2185 2234 2240 propriis

254 2248 497 2290 nominibus
531 2246 745 2299 distincta,
778 2247 830 2288 ab
864 2254 952 2289 arte
982 2249 1154 2304 poetica
1183 2257 1419 2292 ceterarum
1449 2251 1669 2293 nationum
1699 2251 1982 2294 recentiorum
2018 2251 2233 2309 Europae,

258 2315 370 2370 apud
406 2329 511 2370 quas
546 2313 638 2356 sola
667 2313 756 2356 fere
787 2324 958 2357 servata
989 2321 1055 2358 est
1085 2317 1367 2359 consonantia
1394 2319 1461 2360 vel
1494 2318 1745 2360 assonantia
1773 2318 1928 2372 finalis,
1961 2325 2088 2376 atque
2119 2320 2235 2376 ipso-

252 2398 345 2424 rum
375 2382 565 2424 affinium
597 2381 877 2426 Cambrorum
909 2382 991 2425 hoc
1023 2383 1182 2437 differt,
1215 2384 1330 2440 quod
1360 2384 1526 2428 hiberni
1558 2390 1711 2441 poetae
1741 2385 1901 2428 maiore
1948 2400 2050 2429 cura
2079 2387 2237 2444 princi-

255 2449 416 2508 palium
447 2465 647 2492 sonorum
680 2451 999 2506 congruentiam
1030 2452 1181 2494 sectati
1204 2460 1314 2504 sunt,
1347 2467 1474 2509 quam
1509 2452 1657 2495 dicunt
1687 2452 1860 2495 allitte
1874 2453 2139 2497 rationem
2168 2455 2238 2498 vel

256 2517 529 2561 concordiam
561 2516 740 2572 (uaim),
772 2518 938 2561 minore
971 2519 1291 2573 congruentiam
1319 2520 1523 2563 finalium.
1582 2519 1618 2562 F
1621 2519 1749 2563 inalis
1781 2519 1892 2562 enim
1930 2523 2239 2566 consonantiae

257 2585 438 2627 imitatio
471 2585 682 2641 quaedam
712 2585 851 2642 viget,
883 2600 992 2642 quae
1026 2586 1181 2629 dicitur
1210 2587 1694 2644 correspondentia
1725 2587 2010 2642 (comba-relax
2043 2595 2115 2632 aut
2142 2605 2238 2646 per-

258 2651 388 2705 fecta,
429 2652 465 2694 si
498 2652 680 2695 eandem
717 2653 909 2696 vocalem
948 2659 1020 2695 aut
1056 2669 1144 2696 non
1175 2661 1378 2697 secuntur
1417 2669 1630 2697 consonae
1670 2663 1744 2697 aut
1773 2655 1964 2698 eiusdem
2001 2656 2164 2699 ordinis
2194 2665 2240 2699 ut

259 2726 409 2762 tenues
442 2719 511 2762 vel
542 2720 730 2773 mediae,
763 2726 835 2762 aut
862 2720 1114 2777 imperfecta
1145 2722 1236 2764 sive
1266 2722 1466 2776 infracta,
1500 2738 1610 2779 quae
1639 2722 1748 2765 nihil
1778 2730 1845 2765 est
1873 2723 1959 2765 nisi
1989 2724 2240 2767 assonantia

259 2787 472 2830 vocalium
509 2786 701 2842 (O'Don.
748 2786 940 2832 Gramm.
978 2804 1020 2845 p.
1058 2789 1143 2831 415
1174 2790 1276 2845 sq.).
1348 2788 1641 2846 Congruentia
1676 2790 1785 2833 haec
1820 2790 1961 2833 media
1997 2790 2110 2834 inter
2139 2806 2240 2834 con-

261 2854 499 2896 sonantiam
533 2862 575 2897 et
604 2855 897 2898 assonantiam
935 2856 1166 2913 singularis
1206 2863 1272 2899 est
1310 2863 1352 2899 et
1389 2858 1562 2914 propria
1600 2857 1704 2900 artis
1745 2857 2010 2911 hibernicae,
2051 2865 2239 2901 ceterum

261 2921 447 2977 antiqua,
488 2931 533 2964 ut
563 2938 672 2978 quae
703 2923 784 2965 iam
816 2923 861 2965 in
891 2924 1073 2967 vetustis
1112 2924 1372 2968 carminibus
1403 2930 1519 2967 extet
1547 2925 1668 2967 iuxta
1698 2925 2022 2967 consonantiam
2056 2926 2238 2981 plenam.

264 2990 490 3032 Contraria
526 2990 624 3032 huic
664 2998 729 3033 est
759 2990 833 3033 illa
863 2991 1156 3047 congruentia,
1190 3007 1318 3048 quam
1348 2992 1606 3048 primitivam
1636 2992 1808 3034 finalem
1840 2991 2047 3049 suspicati
2079 3007 2239 3046 sumus,

263 3128 482 3170 reputenturz
507 3128 528 3160 i.
556 3136 583 3160 e.
610 3125 879 3169 reputabuntur)
906 3125 963 3170 Sg.
986 3127 1077 3161 153&
1102 3126 1158 3162 Pr.
1176 3125 1230 3160 Gr.
1259 3130 1334 3162 60¹³.
1382 3127 1542 3162 adrimed
1565 3127 1622 3171 (gl.
1648 3127 1834 3172 imputare)
1860 3127 1918 3163 Ml.
1936 3130 2008 3161 21³.
2051 3127 2132 3162 Alia
2149 3135 2241 3161 com·

262 3171 375 3214 posita
399 3175 434 3205 et
457 3172 709 3215 decomposita:
736 3171 904 3205 dorimiuh
931 3172 987 3217 (gl.
1015 3183 1168 3208 sermone
1193 3173 1379 3217 digessero)
1396 3175 1453 3208 Ml.
1480 3178 1552 3209 260.
1589 3171 1774 3208 dorimtlzer
1789 3173 1826 3206 hi
1843 3171 1935 3207 libur
1958 3171 2077 3207 essaioe
2096 3171 2241 3215 ,ἀεοεῖεο

264 3219 438 3257 (narratur
463 3218 499 3251 iu
524 3217 611 3251 libro
638 3218 747 3252 Isaiae
774 3218 856 3251 haec
883 3218 1041 3260 historia;
1069 3220 1109 3253 cf.
1136 3229 1239 3263 germ.
1267 3218 1404 3253 erzzilen
1427 3230 1446 3253 e
1469 3220 1546 3261 καί,
1572 3222 1750 3260 numerus)
1773 3219 1831 3263 Ml.
1862 3221 1928 3253 16¹¹.
1980 3217 2245 3262 isconffa-irmud

255 3262 432 3307 forqnu'sa
457 3265 521 3302 (est
546 3264 724 3297 collocatio
750 3263 887 3302 formae,
915 3263 951 3296 in
977 3275 1122 3305 mecum,
1147 3274 1218 3298 non
1240 3265 1456 3309 compositio)
1480 3266 1536 3310 Sg.
1566 3268 1661 3300 203⁴.
1701 3263 1990 3306 remfuirmedelza
2014 3265 2070 3309 (gl.
2097 3273 2242 3309 praepo·

265 3308 407 3348 sitivae‚
433 3309 715 3349 coniunctione33
750 3322 776 3336 ε
794 3308 993 3351 remfore'm„
1020 3321 1051 3355 p.
1078 3311 1136 3350 ⁴27)
1165 3313 1259 3344 212⁸.
1316 3311 1427 3345 Hodie
1460 3321 1598 3356 quoque
1623 3313 1676 3345 est
1707 3310 1820 3344 subst.
1856 3309 1983 3345 cambr.
2008 3309 2086 3354 rhzf
2106 3310 2147 3350 (z
2165 3310 2244 3350 rim,

264 3356 450 3395 numerus),
477 3365 494 3388 e
518 3363 586 3406 quo
611 3355 800 3398 composita
829 3358 865 3388 et
888 3354 1042 3390 derivata
1073 3355 1111 3390 in
1136 3355 1241 3390 Mab.:
1277 3356 1389 3400 cyfi-ff
1414 3355 1644 3398 (numeratio)
1679 3359 1717 3397 3,
1758 3359 1832 3391 155.
1893 3356 2007 3390 riuaw
2034 3356 2242 3397 (numerare)

266 3401 299 3444 3,
326 3401 380 3434 26.
418 3399 532 3434 riuedt
555 3402 750 3440 (numerus)
777 3402 808 3442 3,
835 3403 890 3437 28.

2332 160 2336 167 .
2331 129 2336 142 -
2331 85 2336 115 ..-
2328 3 2336 67 -„
