2336 3736
255 217 386 260 XLII
968 227 1241 260 encomium
1272 227 1495 260 nnn-oms.

258 356 320 382 me
349 340 514 395 monuit
544 339 596 380 de
629 338 810 397 glossis,
850 353 958 393 quae
997 354 1021 381 e
1059 338 1153 381 cod.
1185 337 1466 384 Vindobon
1479 338 1591 381 ensi
1623 339 1752 395 (Cod.
1784 339 1857 393 16)
1895 337 2089 395 proditae
2119 344 2221 384 sunt

258 414 300 455 in
333 412 616 454 Lindemanni
649 409 779 465 Corp.
810 412 1178 467 grammaticorum
1207 410 1490 464 Latin01·um’'⁸²,
1523 427 1659 467 nuper
1687 426 1734 455 so
1765 412 1988 468 accepisse
2018 409 2168 454 scribit,
2197 426 2223 456 a

257 484 433 537 Bockio,
465 486 572 540 prof.
604 483 897 538 Friburgensi,
929 484 1067 540 ipsius
1099 498 1224 527 manu
1253 483 1553 540 transcriptum
1585 483 1684 539 (sed
1702 484 1873 529 nescire
1903 484 2056 541 ipsum,
2091 483 2222 539 unde)

260 557 607 600 commentarium
630 554 793 613 Sedulii
826 555 1033 611 (hominis
1053 555 1236 599 Hiberni
1268 556 1338 600 vel
1359 555 1500 611 Secti)
1533 557 1577 602 in
1603 555 1862 614 Eutychiani
1892 556 2223 612 grammaticum,

261 630 334 685 qui
364 630 485 671 initio
518 629 570 671 de
604 628 772 670 nomine
804 626 1048 671 disserens:
1075 623 1189 688 ‘Ego
1219 630 1392 684 inquam
1425 629 1618 682 euticius,
1650 630 1715 674 vir
1743 629 1955 685 ingenuus
1986 629 2038 672 de
2069 627 2226 671 euticia.

255 702 478 758 provincia
517 709 646 743 ortus.
707 699 871 745 Omnes
905 703 1017 743 enim
1059 702 1112 743 de
1143 701 1300 744 euticia
1329 704 1517 745 orientes
1555 703 1700 746 euticii
1739 701 1805 757 (in
1836 717 1966 758 marg.
1997 716 2106 748 man.
2137 715 2224 744 rec.

258 767 468 830 εὐόίκιοι)
508 772 787 829 appellantur,
835 775 958 831 quasi
988 789 1089 817 vere
1128 773 1366 818 iudiciales.
1405 774 1599 830 (Eut-{cia
1636 777 1749 819 enim
1787 774 1906 831 apud
1942 773 2224 832 philosophos

258 847 559 903 interpretatur
589 861 734 888 verum
765 846 989 899 iudicium>
1032 862 1141 889 unus
1180 852 1308 890 eutex
1345 847 1585 903 appellatus
1617 856 1684 891 est
1713 848 1837 904 quasi
1875 862 1975 891 vere
2015 846 2225 897 iudicans,

256 935 306 962 eo
338 920 452 976 quod
484 920 536 961 de
567 934 668 961 vere
703 920 916 975 sapientia
945 919 1163 963 iudicavit.
1222 917 1366 963 Eutex
1397 922 1509 964 enim
1541 936 1777 977 cognomen
1809 926 1876 963 est
1915 920 1968 963 de
1999 918 2226 976 agnomine

258 999 462 1045 ornatum,
495 992 677 1035 euticius
699 1007 799 1035 vero
823 993 1046 1047 ollz'fseondz'
1074 998 1116 1035 et
1136 992 1300 1044 galatos
1327 992 1528 1049 [galatas]
1564 1009 1657 1037 cum
1678 991 1849 1049 regulo.’
1885 992 2111 1048 (Similiter
2132 988 2226 1034 cod.

254 1065 480 1121 Bamberg.
521 1064 634 1107 Keil.
667 1064 719 1107 V.
758 1080 799 1120 p.
828 1066 946 1116 445).
992 1090 1040 1097 -
1080 1065 1131 1107 In
1170 1065 1237 1108 his
1269 1062 1387 1122 0‘lli9e
1423 1066 1726 1111 eonferendum
1762 1067 1929 1112 videtur
1968 1081 2063 1109 cum
2091 1064 2226 1108 forma

255 1137 418 1179 verbali
448 1138 638 1193 ollaiqtlee
670 1138 746 1193 (gl.
780 1137 1056 1194 ampli[fi]ca)
1087 1137 1164 1181 Ml.
1187 1138 1268 1188 70⁰,
1308 1145 1356 1181 ut
1384 1138 1611 1195 legendum
1640 1140 1698 1182 sit
1723 1141 1842 1198 ollc'qe
1871 1140 1955 1184 dud
1979 1140 1998 1180 i
2025 1135 2228 1194 (amplifi-

258 1210 370 1252 catio
402 1211 454 1252 ab
486 1209 534 1265 i).

372 1282 571 1339 Denique
612 1297 720 1338 quae
751 1284 980 1338 parabatur
1017 1284 1081 1339 (et
1110 1284 1194 1327 iam
1231 1283 1411 1328 forsitan
1439 1285 1637 1332 absoluta
1666 1286 1742 1341 sit)
1783 1285 1915 1333 editio
1954 1283 2117 1331 codicis
2157 1298 2230 1328 ve-

264 1356 367 1398 teris
399 1355 619 1409 hibernici,
653 1356 724 1411 qui
756 1355 910 1398 dieitur
943 1356 1080 1398 Lehar
1111 1374 1166 1400 na
1196 1359 1377 1411 li-uidre,
1407 1373 1494 1405 non
1523 1359 1662 1417 magis
1693 1360 1745 1405 ad
1766 1359 1881 1403 huno
1900 1358 2052 1405 librum
2082 1356 2231 1413 ampli-

266 1429 478 1471 ficandum
513 1429 702 1471 adhiberi
740 1429 889 1485 potuit,
923 1445 1059 1485 quam,
1094 1431 1205 1487 quod
1237 1446 1372 1487 nuper
1403 1432 1562 1475 editum
1594 1448 1691 1475 esse
1721 1448 1745 1476 e
1774 1431 1965 1478 Stokesii
1994 1429 2232 1477 adnotatio-

258 1503 392 1546 nibus
424 1502 622 1557 cognovi,
657 1502 854 1544 volumen
886 1502 942 1544 ll.
974 1503 1115 1560 legum
1145 1504 1460 1552 hibernicarum
1490 1505 1751 1560 (Senchas
1780 1505 1930 1561 Mor).

379 1575 574 1620 Gallicae
594 1576 762 1631 priscae
784 1576 999 1632 reliquias,
1032 1577 1111 1620 etsi
1134 1577 1395 1634 aliquantum
1418 1579 1548 1624 adiuti
1581 1594 1727 1623 sumus
1750 1577 1924 1623 Gliickii
1953 1577 2098 1623 libello
2128 1575 2233 1631 (Die

264 1649 333 1691 bei
366 1647 416 1691 C.
438 1647 583 1691 Julius
606 1647 768 1692 Caesar
801 1649 1158 1693 vorkommenden
1190 1651 1430 1695 keltischen
1450 1652 1616 1697 Namen
1645 1653 1690 1699 in
1714 1653 1826 1697 ihrer
1845 1650 2048 1698 ththeit
2073 1650 2231 1706 festgc-

261 1723 378 1765 stelit
408 1721 495 1764 und
527 1722 729 1764 erlt‘iutert
761 1738 842 1764 von
873 1722 990 1764 Chr.
1013 1723 1162 1767 Wilh.
1185 1723 1370 1768 Gluok.
1411 1726 1642 1779 Mfinchen‚
1679 1727 1806 1780 1857)
1835 1730 2065 1771 retractare
2091 1729 2234 1765 tamen

258 1811 345 1838 non
378 1796 438 1837 ita
466 1796 694 1851 potuimus,
731 1803 775 1837 ut
795 1796 1049 1852 optavimus,
1082 1812 1176 1839 cum
1196 1806 1365 1853 praeter
1384 1799 1567 1850 libellos,
1599 1814 1706 1855 quos
1737 1798 1831 1855 ipse
1861 1813 2018 1855 parens
2047 1796 2234 1842 omnium

259 1868 406 1910 horum
429 1869 676 1922 studiorum,
700 1869 792 1911 Ad.
815 1868 1012 1923 Pictet,
1044 1869 1294 1915 virsumma
1313 1874 1554 1917 reverentia
1574 1872 1795 1925 colendus,
1828 1870 2138 1929 benignissime
2158 1884 2235 1914 no-

261 1942 330 1985 bis
362 1942 570 1997 praebuit,
605 1957 656 1985 ac
687 1942 969 1998 singularem:

376 2013 445 2057 On
475 2015 548 2058 the
583 2014 765 2058 Gaulish
796 2015 1058 2071 Inscription
1099 2017 1146 2060 of
1171 2017 1358 2062 Poitiers
1400 2044 1446 2049 —
1488 2019 1596 2062 from
1626 2018 1698 2063 the
1730 2032 1887 2076 papers
1917 2017 1964 2061 of
1988 2015 2235 2073 Rudolph

262 2087 487 2130 Thomas
520 2088 796 2144 Siegt'ried
834 2113 889 2119 --
927 2089 1136 2145 arranged
1175 2092 1230 2147 by
1266 2089 1397 2135 Carl
1434 2090 1717 2137 Friedrich
1752 2091 1993 2135 Lottner.
2054 2088 2230 2142 Dublin,

267 2162 391 2214 1863,
423 2185 475 2191 -—

378 2249 464 2275 non
494 2234 642 2277 liceret
680 2236 739 2277 uti
770 2236 857 2278 nisi
886 2236 1114 2280 Beckeri
1154 2237 1530 2291 commentatione,
1572 2237 1737 2281 Kuhnii
1779 2236 2038 2295 ephemeridi
2074 2235 2237 2278 inserta

265 2306 415 2362 (Beitr.
450 2306 530 2349 111.
554 2307 665 2363 IV.)‚
699 2310 764 2350 cui
797 2323 850 2351 ne
881 2318 1037 2352 temere
1068 2310 1392 2363 confideremus,
1424 2311 1571 2354 moniti
1601 2326 1748 2354 sumus
1783 2309 1982 2366 exemplo
2003 2307 2234 2353 Chimari

266 2379 489 2423 Cretensis
512 2395 579 2436 ap.
602 2380 696 2423 Liv.
721 2383 786 2434 421,
811 2382 877 2434 24,
910 2397 1035 2438 quem
1064 2383 1137 2426 ille
1169 2399 1244 2440 pro
1267 2383 1395 2428 Gallo
1426 2383 1674 2427 venditavit.
1735 2385 1881 2440 Atque
1911 2398 1966 2427 ex
1984 2382 2123 2439 ipsius
2154 2380 2233 2424 viri

264 2453 504 2496 doctissimi
536 2454 710 2496 libellis:

385 2526 540 2569 Essai
572 2543 645 2569 sur
683 2528 888 2583 quelques
929 2529 1207 2586 inscriptions
1246 2529 1298 2571 de
1338 2529 1494 2585 langue
1533 2530 1748 2586 gauloise,
1787 2544 1867 2586 par
1905 2529 2000 2572 Ad,
2042 2527 2163 2571 Pict
2182 2534 2231 2570 et

267 2599 446 2643 Geueve
476 2599 654 2655 (Paris),
690 2602 809 2642 1859.

378 2673 558 2714 Lettre
588 2673 642 2715 de
673 2672 732 2716 M.
766 2675 853 2716 Ad.
885 2674 1060 2716 Pictet
1090 2675 1116 2715 ἐι
1143 2673 1204 2716 M.
1235 2674 1289 2717 de
1318 2674 1605 2731 Longuemar‚
1641 2675 1761 2716 1859.

375 2746 581 2787 Nouvel
613 2748 757 2789 essai
797 2763 870 2789 sur
908 2748 969 2789 les
1001 2747 1284 2803 Inscriptions
1315 2746 1568 2801 Gauloises,
1612 2746 1757 2789 lettres
1788 2747 2012 2790 adressees
2051 2748 2076 2789 ἐκ
2103 2745 2165 2788 Μ.
2194 2746 2235 2788 le

268 2818 441 2873 general
472 2817 629 2875 Creuly
671 2835 746 2875 par
775 2819 1018 2876 Adelphe
1048 2819 1234 2863 Pictet.
1302 2820 1447 2872 Paris,
1492 2821 1595 2863 1867
1636 2845 1690 2852 -—-
1740 2819 2155 2876 praestantissimus,
2197 2819 2235 2861 is

274 2905 398 2946 quem
429 2893 550 2934 tertio
582 2893 676 2935 loco
707 2893 1039 2945 nominavimus,
1071 2893 1278 2936 absolutis
1310 2893 1477 2935 demum
1507 2893 1604 2935 libri
1635 2893 1813 2936 secundi
1831 2882 2057 2950 'capitibus
2087 2892 2234 2949 primis

267 2964 319 3005 ad
349 2979 428 3007 nos
459 2966 664 3020 pervenit.

380 3037 463 3078 Per
499 3045 633 3079 totum
669 3053 771 3079 vero
809 3052 917 3092 opus
958 3037 1118 3080 contuli
1154 3038 1350 3082 comicas
1387 3039 1554 3082 fabulas
1589 3053 1758 3092 sacras,
1800 3053 1976 3096 quarum
2007 3038 2138 3082 editio
2169 3040 2235 3081 in-

268 3110 485 3152 scribitur:

382 3182 488 3224 The
520 3184 735 3226 ancient
765 3182 991 3226 (lornish
1022 3183 1228 3236 Drama,
1267 3183 1407 3227 edited
1446 3184 1530 3227 and
1564 3184 1798 3227 translated
1838 3186 1896 3241 by
1935 3184 2016 3228 Mr.
2046 3184 2235 3228 Edwin

361 3359 374 3372 ⁹
400 3369 487 3403 quas
512 3369 623 3403 nuper
647 3360 842 3393 accuratius
866 3358 974 3393 edidit
997 3358 1034 3393 G.
1061 3357 1193 3403 Nigra
1217 3359 1313 3399 (Rev.
1339 3359 1417 3394 celt.
1447 3363 1476 3401 1,
1495 3362 1572 3402 5s):
1597 3360 1785 3395 ettorsondi
1808 3360 1864 3405 (gl.
1892 3361 2064 3402 baritana)
2087 3359 2143 3394 fol.
2161 3361 2233 3394 57⁶.

271 3414 380 3447 airece
404 3415 449 3458 (gl
487 3416 608 3456 curia),
632 3415 802 3462 merbiyim
831 3416 888 3461 (gl.
914 3417 1045 3460 prurio)
1071 3420 1145 3451 ὁδ’.
1178 3444 1183 3449 .
