2336 3736
553 265 629 309 VI.
661 267 700 309 2.
751 278 1066 311 cous'rnuc'rm
1095 279 1289 310 PonncA
1319 278 1575 310 nmanoA.
1719 270 1904 310 (919-920)
1947 270 2021 309 94]

397 387 530 426 Genus
556 393 684 426 autem
711 390 872 427 mixtum
902 390 1018 439 piscis
1038 392 1047 435 lg
1066 391 1188 427 iustus
1216 394 1275 428 est
1302 402 1385 426 cum
1414 394 1624 443 peccatore.

397 451 546 489 Saeculi
575 451 662 489 finis
689 456 750 491 est
776 451 880 499 litus,
907 452 918 497 {i
937 456 1028 489 tunc
1055 457 1114 489 est
1140 458 1292 502 tempus
1319 463 1508 501 separare,

394 512 557 559 Quando
584 513 683 550 retia
708 517 907 563 ruperunt,
935 513 946 558 ξ’
963 514 1124 551 multum
1154 514 1374 552 dilexerunt
1400 525 1515 551 mare.

399 575 500 613 Vasa
528 579 617 612 sunt
643 575 754 613 sedes
782 579 1010 623 sanctomm,
1038 577 1048 619 ἐξ
1068 588 1141 626 quo
1169 589 1243 614 11011
1271 579 1433 625 possunt
1458 576 1670 625 pervenire.

446 676 576 715 Bonus
604 676 757 714 auditor
782 676 941 714 fortasse
958 676 968 721 Ιῐ
986 677 1152 727 quaerit:
1181 677 1247 727 qui
1272 682 1459 727 ruperunt
1483 680 1590 715 rete?

395 738 582 776 Homines
611 739 772 776 multum
803 739 972 789 superbi,
1001 736 1012 781 Η
1030 740 1097 789 qui
1124 739 1243 777 iustos
1272 752 1312 776 se
1342 739 1474 777 dicunt
1501 752 1597 777 esse.

395 800 459 839 Sic
485 802 659 839 fecerunt
685 801 888 838 scissuram
918 805 956 839 et
983 802 992 845 11
1019 802 1137 839 altare
1165 806 1296 840 contra
1323 802 1453 840 altare.

396 863 557 901 Diabolo
586 876 626 901 se
655 863 907 911 tradiderunt,
935 872 945 916 ff?
973 876 1056 901 cum
1084 869 1260 913 pugnant
1286 864 1334 901 de
1361 865 1579 913 traditione,

393 925 444 963 Et
471 927 614 964 crimen
643 926 743 976 quod
773 926 1057 973 commiserunt,
1086 929 1095 970 ᾖ
1121 927 1162 962 111
1190 926 1284 965 alios
1313 927 1445 964 volunt
1470 928 1688 964 transferre.

394 987 473 1037 Ipsi
500 988 741 1026 tradiderunt
768 988 886 1027 libros
914 996 923 1039 Js
951 994 990 1026 et
1016 1001 1084 1025 nos
1112 989 1255 1026 audent
1281 1001 1471 1036 accusare,

395 1049 449 1088 Ut
474 1051 584 1100 peius
612 1051 854 1088 committant
880 1051 1016 1099 scelus,
1045 1050 1054 1095 ᾖ
1081 1062 1194 1100 quam
1224 1052 1496 1088 commiserunt
1523 1055 1561 1088 et
1587 1056 1686 1088 ante.

391 1112 501 1159 Quod
530 1118 688 1161 possent
715 1125 865 1150 causam
894 1113 1077 1150 librorum
1106 1114 1116 1157 fi
1144 1126 1327 1151 excusare
1355 1114 1403 1150 de
1430 1114 1578 1158 timore,

391 1174 503 1222 Quod
529 1175 666 1213 Petrus
695 1175 890 1213 Christum
918 1176 1085 1225 negavit,
1114 1183 1123 1219 ’,ὲ
1151 1176 1243 1212 cium
1269 1181 1477 1214 terreretur
1504 1177 1551 1213 de
1581 1182 1713 1224 morto,

391 1239 505 1276 Modo
532 1251 606 1288 quo
635 1244 745 1288 pacto
773 1239 1010 1275 excusabunt
1037 1269 1046 1288 ᾖ,
1073 1238 1216 1275 factum
1245 1238 1363 1276 altare
1392 1245 1523 1277 contra
1548 1240 1693 1277 altare?

390 1300 441 1338 Et
467 1310 566 1350 pace
589 1300 732 1338 Christi
762 1301 954 1338 conscissa
980 1323 990 1349 t
1018 1313 1124 1350 spem
1153 1307 1303 1350 ponunt
1330 1302 1368 1338 in
1396 1302 1577 1340 homine?

389 1361 499 1410 Quod
529 1367 749 1412 persecutor
777 1376 851 1401 non
879 1363 982 1410 fecit,
1011 1370 1020 1414 ssi
1048 1363 1125 1412 ipsi
1151 1364 1325 1402 fecerunt
1351 1364 1390 1402 in
1418 1377 1525 1415 pace.

181 1460 291 1503 Sunt
326 1460 478 1515 viginti
508 1460 714 1502 eiusmodi
751 1461 950 1516 strophae
990 1461 1277 1504 duodenorum
1317 1477 1531 1514 versuum,
1573 1463 1625 1504 ab
1666 1464 1707 1505 A
1738 1478 1871 1520 usque
1903 1464 1956 1506 ad
1987 1464 2022 1505 V

67 1529 110 1569 in
141 1534 229 1569 toto
261 1528 444 1584 psalmo,
484 1542 590 1583 quas
631 1528 822 1581 sequitur
866 1527 1059 1583 epilogus
1092 1544 1287 1571 versuum
1319 1530 1501 1586 triginta.
1562 1531 1754 1586 Neglego
1785 1546 2023 1574 consonan-

67 1596 169 1638 tiam
209 1595 462 1651 bisyllabam
499 1594 779 1650 copulativam
820 1610 929 1648 -are,
971 1609 1092 1650 quam
1135 1611 1238 1638 casu
1276 1597 1447 1653 saepius
1478 1604 1579 1653 puto
1620 1613 1716 1640 esse
1746 1598 2021 1652 interiectam,

67 1679 153 1705 uon
183 1663 388 1715 consulto,
421 1662 521 1718 quia
551 1661 675 1703 etiam
706 1677 739 1713 0,
763 1677 782 1702 e
812 1678 905 1704 cum
935 1678 958 1703 ‘r
988 1663 1054 1704 vel
1086 1678 1180 1705 cum
1211 1665 1306 1707 aliis
1338 1665 1538 1706 consonis
1570 1672 1667 1707 ante
1690 1680 1911 1709 commune
1933 1668 2023 1709 vin-

67 1731 206 1772 culum
235 1746 254 1772 e
283 1730 550 1782 antecedunt,
583 1729 650 1771 vel
683 1730 824 1784 potius
855 1730 898 1771 in
927 1737 1045 1773 tanta
1073 1733 1198 1787 copia
1229 1747 1377 1774 vocum
1408 1732 1647 1774 exeuntium
1681 1733 1723 1774 in
1743 1749 1762 1773 e
1791 1749 1874 1775 non
1906 1742 2020 1778 ante-

67 1799 218 1841 cedere
248 1813 333 1841 non
364 1803 556 1853 possunt.
605 1797 762 1839 Nescio
794 1812 846 1839 an
879 1798 1001 1840 etiam
1033 1799 1375 1841 allitterationem
1405 1799 1600 1842 consulto
1637 1801 1827 1856 posuerit
1863 1809 2021 1845 auctor.

66 1863 188 1917 Quae
219 1865 300 1907 etsi
338 1864 471 1906 rarior
501 1873 578 1916 est,
610 1878 697 1905 non
728 1864 850 1906 abest
878 1872 1006 1918 certe,
1038 1872 1084 1907 ut
1113 1866 1156 1907 in
1188 1867 1323 1921 prima
1353 1867 1544 1923 stropha:
1572 1859 1829 1923 peccatorum}
1854 1878 2022 1925 propter

63 1946 344 1986 praemonere,
382 1946 550 1986 reymcm
589 1933 825 1984 reticulum,
867 1932 1153 1988 conlysmqantz’
1186 1937 1330 1989 ymas,
1371 1935 1569 1976 miserum
1611 1936 1738 1977 malos
1768 1951 1902 1990 mare,
1932 1953 2050 1979 sewu>

66 1999 152 2039 calz·
177 2013 382 2054 separare,
414 2000 516 2040 retia
549 2008 762 2054 ruperunt,
793 2001 901 2041 sedes
931 2008 1176 2043 sanctorum.

177 2066 584 2109 Animadvertuntur
625 2065 798 2122 propria
843 2066 1061 2122 quaedam.
1134 2068 1271 2110 Elisio
1314 2068 1526 2110 vocalium
1567 2069 1633 2112 vel
1675 2069 2018 2113 terminationum

65 2147 157 2174 cum
187 2148 229 2173 m
259 2141 356 2175 ante
395 2133 564 2176 vocales
603 2133 716 2176 facta
753 2133 979 2186 interdum:
1018 2136 1185 2177 reticulo
1223 2138 1410 2177 misso-in
1439 2150 1574 2190 mare,
1611 2139 1652 2189 1,
1686 2138 1723 2179 3.
1783 2140 1900 2180 modo
1940 2153 2018 2194 quo

60 2200 453 2255 pacto-excusabunt
469 2201 797 2252 sactum-altare
825 2202 1122 2243 contra—altare
1152 2204 1188 2255 2,
1217 2203 1277 2255 10,
1310 2203 1410 2244 alibi
1440 2210 1579 2246 tamen
1609 2206 1815 2261 neglecta,
1849 2213 1893 2246 ut
1914 2209 1950 2257 2,
1973 2209 2016 2249 3:

62 2270 120 2308 sic
155 2271 349 2322 jecerunt
390 2270 608 2309 scissuram,
652 2275 688 2307 et
731 2268 864 2308 altare
900 2276 1042 2310 contra
1087 2269 1229 2310 altare.
1299 2271 1414 2312 Ante
1455 2271 1624 2314 vocales
1657 2274 1672 2313 ι’
1699 2273 1862 2328 prolata
1900 2281 1945 2315 ut
1971 2275 2015 2328 j:

63 2334 338 2389 abundantja‚
370 2334 637 2391 eoawyeljum,
670 2335 897 2388 eeclesjam,
929 2334 1112 2389 cljaholo,
1145 2337 1376 2391 tradiy'one,
1410 2338 1521 2391 alpos,
1554 2339 1629 2381 sed
1658 2355 1712 2382 ne
1742 2341 1823 2382 hoc
1850 2342 2017 2397 quidem

67 2416 246 2458 semper.
306 2403 427 2445 Duae
460 2403 649 2459 syllabae
681 2402 832 2444 breves
863 2417 938 2458 pro
969 2418 1053 2444 una
1073 2410 1172 2445 sunt
1191 2404 1232 2445 in
1259 2407 1293 2456 1,
1318 2406 1360 2446 7:
1392 2407 1574 2460 quisquis·
1594 2409 1730 2448 recolit
1752 2410 2014 2465 evanyelium‚

61 2469 143 2512 nisi
175 2470 400 2526 legendum
431 2478 497 2513 est
526 2472 632 2512 colit.

174 2538 273 2580 Non
311 2538 450 2581 differt
488 2536 748 2580 constructio
786 2536 1014 2578 carminum
1053 2551 1105 2579 ex
1135 2539 1284 2582 eodem
1322 2540 1492 2582 saeculo
1533 2541 1598 2582 vel
1634 2542 1838 2597 proximis
1869 2558 2015 2599 super-

62 2604 202 2648 stitum
243 2621 295 2647 ex
325 2605 410 2648 alia
438 2605 613 2648 celticae
643 2603 831 2646 nationis
860 2610 994 2656 terra,
1027 2604 1071 2645 in
1103 2621 1229 2660 quam
1259 2607 1491 2651 christiana
1518 2608 1669 2664 religio
1701 2610 1824 2652 etiam
1856 2611 2014 2654 littera-

61 2688 150 2714 rum
182 2672 336 2715 cultum
367 2672 521 2726 intulit,
555 2688 606 2714 ex
628 2671 849 2724 Hibernia,
882 2672 973 2714 sive
1005 2672 1135 2714 solam
1168 2675 1486 2718 consonantiam
1508 2692 1600 2718 cum
1623 2684 1737 2720 certo
1758 2678 2011 2734 syllabarum

61 2755 232 2783 numero
264 2740 476 2793 adhibent,
509 2739 599 2782 sive
630 2739 747 2781 iuxta
779 2754 866 2780 eam
899 2738 1074 2781 latinum
1102 2748 1280 2783 metrum
1311 2750 1541 2786 servarunt.

171 2808 211 2849 A
235 2806 491 2857 Secundino,
521 2813 674 2863 nepote
707 2806 750 2849 S.
782 2806 969 2859 Patrioii,
1001 2806 1289 2850 Hibernorum
1320 2810 1501 2866 apostoli
1532 2811 1618 2865 (ab.
1643 2827 1678 2853 a.
1701 2813 1781 2854 433
1804 2828 1937 2869 usque
1959 2815 2011 2857 ad

60 2891 95 2916 a.
127 2875 249 2930 460),
291 2874 550 2931 compositus
588 2874 740 2917 dicitur
776 2874 958 2930 hymnus
998 2874 1290 2930 alphabeticus
1320 2876 1363 2918 in
1394 2877 1561 2919 laudem
1590 2878 1763 2921 Patricii
1797 2881 2011 2927 etiamtum

60 2942 145 2983 vivi
183 2942 270 2998 (ap.
309 2940 505 2985 Galland.
544 2944 614 2996 10,
650 2942 747 2993 1833
794 2941 845 2983 cf.
879 2941 1020 2984 Vitam
1053 2941 1094 2984 S.
1128 2942 1240 2984 Patr.
1271 2958 1336 2999 ap.
1367 2943 1475 2986 Boll.
1507 2944 1632 2987 Mart.
1665 2950 1708 2998 2,
1742 2947 1858 3002 276),
1891 2950 2010 2992 cuius

60 3024 206 3051 versus
243 3009 365 3051 metri
402 3009 522 3051 latini
554 3016 748 3065 expertes
781 3016 823 3050 et
852 3015 1065 3051 sectantes
1098 3010 1352 3064 syllabarum
1395 3026 1633 3061 numerum,
1674 3015 1784 3055 sicut
1823 3015 2010 3069 psalmus

60 3077 99 3117 S.
132 3076 374 3132 Augustini,
414 3083 580 3131 praeter
610 3075 951 3119 allitterationem
983 3087 1024 3118 et
1052 3077 1372 3119 consonantiam
1402 3079 1570 3121 finalem
1601 3081 1895 3136 copulativam,
1928 3098 2010 3138 qua

60 3142 145 3183 bini
184 3143 495 3198 coniunguntur
533 3157 682 3186 versus
718 3143 912 3198 saepius,
946 3145 1024 3185 etsi
1054 3159 1140 3185 non
1172 3159 1355 3200 semper,
1396 3146 1655 3202 frequentius
1689 3150 2009 3191 ‹,:ons‹·›nantiam

60 3210 213 3252 habeut
256 3210 482 3252 lateralem.
558 3209 618 3252 Ut
664 3210 862 3267 strophae
906 3211 948 3252 A
987 3217 1028 3252 et
1064 3210 1099 3252 B
1140 3225 1233 3253 cum
1280 3215 1557 3255 consonantia
1607 3215 1717 3256 11111111
1766 3215 2008 3272 plerumque

61 3278 371 3332 monosyllaba:

429 3360 433 3401 ξ
463 3356 615 3404 Audite,
648 3359 651 3393 1
681 3370 807 3395 omnes
838 3360 841 3402 Ι
871 3361 1035 3394 amantes
1066 3361 1080 3405 [ἱ
1112 3357 1237 3405 deum,
1266 3363 1399 3395 sancta
1427 3360 1563 3397 merita

379 3418 459 3457 Viri
485 3419 525 3455 in
555 3419 707 3456 Christo
736 3421 839 3457 beati
868 3418 882 3463 li
913 3419 1054 3457 Patrio?
1083 3418 1086 3460 l
1117 3420 1299 3470 episcopi,
