<?xml version="1.0" encoding="UTF-8"?>
<!DOCTYPE html PUBLIC "-//W3C//DTD XHTML 1.0 Transitional//EN"
    "http://www.w3.org/TR/xhtml1/DTD/xhtml1-transitional.dtd">
<html xmlns="http://www.w3.org/1999/xhtml" xml:lang="en" lang="en">
 <head>
  <title>
</title>
<meta http-equiv="Content-Type" content="text/html;charset=utf-8" />
  <meta name='ocr-system' content='tesseract 3.04.00' />
  <meta name='ocr-capabilities' content='ocr_page ocr_carea ocr_par ocr_line ocrx_word'/>
</head>
<body>
  <div class='ocr_page' id='page_1' title='image "./grammaticaceltic00zeusuoft_0030.png"; bbox 0 0 2336 3736; ppageno 0'>
   <div class='ocr_carea' id='block_1_1' title="bbox 232 237 1494 281">
    <p class='ocr_par' dir='ltr' id='par_1_1' title="bbox 232 237 1494 281">
     <span class='ocr_line' id='line_1_1' title="bbox 232 237 1494 281; baseline 0 0"><span class='ocrx_word' id='word_1_1' title='bbox 232 237 388 281; x_wconf 88' lang='lat' dir='ltr'>XXIV</span> <span class='ocrx_word' id='word_1_2' title='bbox 432 238 617 279; x_wconf 85' lang='lat' dir='ltr'>(XXXIII-</span> <span class='ocrx_word' id='word_1_3' title='bbox 634 238 809 280; x_wconf 86' lang='lat' dir='ltr'>XXXIV)</span> <span class='ocrx_word' id='word_1_4' title='bbox 968 249 1222 280; x_wconf 70' lang='lat' dir='ltr'>PRAEFA‘rio</span> <span class='ocrx_word' id='word_1_5' title='bbox 1253 250 1494 281; x_wconf 65' lang='lat' dir='ltr'>Auci-oms.</span> 
     </span>
    </p>
   </div>
   <div class='ocr_carea' id='block_1_2' title="bbox 195 361 2209 3207">
    <p class='ocr_par' dir='ltr' id='par_1_2' title="bbox 195 361 2209 569">
     <span class='ocr_line' id='line_1_2' title="bbox 195 361 2208 419; baseline 0.001 -15"><span class='ocrx_word' id='word_1_6' title='bbox 195 377 201 382; x_wconf 91' lang='lat'><strong>·</strong></span> <span class='ocrx_word' id='word_1_7' title='bbox 234 361 531 406; x_wconf 77' lang='lat' dir='ltr'>collectionem</span> <span class='ocrx_word' id='word_1_8' title='bbox 561 362 716 405; x_wconf 84' lang='lat' dir='ltr'>factam</span> <span class='ocrx_word' id='word_1_9' title='bbox 747 364 799 405; x_wconf 85' lang='lat' dir='ltr'>ab</span> <span class='ocrx_word' id='word_1_10' title='bbox 821 361 1040 406; x_wconf 84' lang='lat' dir='ltr'>Ildefonso</span> <span class='ocrx_word' id='word_1_11' title='bbox 1071 362 1123 405; x_wconf 86' lang='lat' dir='ltr'>ab</span> <span class='ocrx_word' id='word_1_12' title='bbox 1146 363 1239 404; x_wconf 85' lang='lat' dir='ltr'>Arx</span> <span class='ocrx_word' id='word_1_13' title='bbox 1268 361 1555 405; x_wconf 71' lang='lat' dir='ltr'>bibliothecae</span> <span class='ocrx_word' id='word_1_14' title='bbox 1577 363 1808 419; x_wconf 85' lang='lat' dir='ltr'>praefecto,</span> <span class='ocrx_word' id='word_1_15' title='bbox 1839 362 1886 404; x_wconf 90' lang='lat' dir='ltr'>in</span> <span class='ocrx_word' id='word_1_16' title='bbox 1904 362 2008 404; x_wconf 72' lang='lat' dir='ltr'>torni</span> <span class='ocrx_word' id='word_1_17' title='bbox 2030 361 2077 405; x_wconf 94' lang='lat' dir='ltr'>II</span> <span class='ocrx_word' id='word_1_18' title='bbox 2103 362 2208 406; x_wconf 87' lang='lat' dir='ltr'>folio</span> 
     </span>
     <span class='ocr_line' id='line_1_3' title="bbox 234 435 2209 492; baseline 0.001 -16"><span class='ocrx_word' id='word_1_19' title='bbox 234 435 317 477; x_wconf 88' lang='grc'>419</span> <span class='ocrx_word' id='word_1_20' title='bbox 349 436 472 479; x_wconf 84' lang='lat' dir='ltr'>offert</span> <span class='ocrx_word' id='word_1_21' title='bbox 500 436 839 479; x_wconf 82' lang='lat' dir='ltr'>incantationum</span> <span class='ocrx_word' id='word_1_22' title='bbox 868 435 1074 478; x_wconf 86' lang='lat' dir='ltr'>formulas</span> <span class='ocrx_word' id='word_1_23' title='bbox 1104 435 1369 488; x_wconf 84' lang='lat' dir='ltr'>hibernicas,</span> <span class='ocrx_word' id='word_1_24' title='bbox 1408 451 1517 492; x_wconf 88' lang='lat' dir='ltr'>quae</span> <span class='ocrx_word' id='word_1_25' title='bbox 1556 436 1600 478; x_wconf 91' lang='lat' dir='ltr'>in</span> <span class='ocrx_word' id='word_1_26' title='bbox 1630 437 1773 492; x_wconf 87' lang='lat' dir='ltr'>capite</span> <span class='ocrx_word' id='word_1_27' title='bbox 1805 435 1858 478; x_wconf 89' lang='lat' dir='ltr'>de</span> <span class='ocrx_word' id='word_1_28' title='bbox 1891 436 2209 479; x_wconf 83' lang='lat' dir='ltr'>constructione</span> 
     </span>
     <span class='ocr_line' id='line_1_4' title="bbox 231 508 2052 569; baseline 0 -18"><span class='ocrx_word' id='word_1_29' title='bbox 231 509 400 564; x_wconf 72' lang='lat' dir='ltr'>poetica</span> <span class='ocrx_word' id='word_1_30' title='bbox 429 509 546 566; x_wconf 88' lang='lat' dir='ltr'>typis</span> <span class='ocrx_word' id='word_1_31' title='bbox 579 523 812 567; x_wconf 77' lang='lat' dir='ltr'><strong>expressae</strong></span> <span class='ocrx_word' id='word_1_32' title='bbox 844 516 944 551; x_wconf 84' lang='lat' dir='ltr'>sunt</span> <span class='ocrx_word' id='word_1_33' title='bbox 975 508 1036 565; x_wconf 84' lang='lat' dir='ltr'>(p.</span> <span class='ocrx_word' id='word_1_34' title='bbox 1061 509 1177 564; x_wconf 78' lang='lat'>949),</span> <span class='ocrx_word' id='word_1_35' title='bbox 1212 509 1478 565; x_wconf 81' lang='lat' dir='ltr'>significatae</span> <span class='ocrx_word' id='word_1_36' title='bbox 1509 509 1554 551; x_wconf 84' lang='lat' dir='ltr'>in</span> <span class='ocrx_word' id='word_1_37' title='bbox 1586 509 1668 552; x_wconf 86' lang='lat' dir='ltr'>hoc</span> <span class='ocrx_word' id='word_1_38' title='bbox 1699 524 1826 567; x_wconf 80' lang='lat' dir='ltr'>opero</span> <span class='ocrx_word' id='word_1_39' title='bbox 1854 508 1946 554; x_wconf 81' lang='lat' dir='ltr'>Ino.</span> <span class='ocrx_word' id='word_1_40' title='bbox 1979 508 2052 569; x_wconf 78' lang='lat' dir='ltr'>Sg.</span> 
     </span>
    </p>

    <p class='ocr_par' dir='ltr' id='par_1_3' title="bbox 215 581 2209 1815">
     <span class='ocr_line' id='line_1_5' title="bbox 350 581 2209 637; baseline 0 -13"><span class='ocrx_word' id='word_1_41' title='bbox 350 585 386 624; x_wconf 87' lang='grc'>7.</span> <span class='ocrx_word' id='word_1_42' title='bbox 428 582 579 626; x_wconf 82' lang='lat' dir='ltr'>Codex</span> <span class='ocrx_word' id='word_1_43' title='bbox 611 582 798 625; x_wconf 86' lang='lat' dir='ltr'>civitatis</span> <span class='ocrx_word' id='word_1_44' title='bbox 830 581 1158 626; x_wconf 84' lang='lat' dir='ltr'>Camaracensis</span> <span class='ocrx_word' id='word_1_45' title='bbox 1191 581 1418 624; x_wconf 80' lang='lat' dir='ltr'>distinctus</span> <span class='ocrx_word' id='word_1_46' title='bbox 1449 599 1489 624; x_wconf 89' lang='lat' dir='ltr'>n.</span> <span class='ocrx_word' id='word_1_47' title='bbox 1512 585 1596 625; x_wconf 82' lang='lat'>619</span> <span class='ocrx_word' id='word_1_48' title='bbox 1627 582 1816 637; x_wconf 68' lang='lat' dir='ltr'>(Cam),</span> <span class='ocrx_word' id='word_1_49' title='bbox 1851 582 1919 624; x_wconf 89' lang='lat' dir='ltr'>cui</span> <span class='ocrx_word' id='word_1_50' title='bbox 1949 581 2097 624; x_wconf 86' lang='lat' dir='ltr'>insunt</span> <span class='ocrx_word' id='word_1_51' title='bbox 2126 581 2209 624; x_wconf 82' lang='lat' dir='ltr'>Ca-</span> 
     </span>
     <span class='ocr_line' id='line_1_6' title="bbox 230 655 2209 708; baseline 0.001 -12"><span class='ocrx_word' id='word_1_52' title='bbox 230 669 364 697; x_wconf 89' lang='lat' dir='ltr'>nones</span> <span class='ocrx_word' id='word_1_53' title='bbox 398 655 605 699; x_wconf 81' lang='lat' dir='ltr'>hibernici</span> <span class='ocrx_word' id='word_1_54' title='bbox 628 656 801 698; x_wconf 87' lang='lat' dir='ltr'>concilii</span> <span class='ocrx_word' id='word_1_55' title='bbox 831 672 866 698; x_wconf 87' lang='lat' dir='ltr'>a.</span> <span class='ocrx_word' id='word_1_56' title='bbox 892 657 987 708; x_wconf 83' lang='lat'>684,</span> <span class='ocrx_word' id='word_1_57' title='bbox 1019 656 1063 697; x_wconf 90' lang='lat' dir='ltr'>in</span> <span class='ocrx_word' id='word_1_58' title='bbox 1094 671 1178 697; x_wconf 89' lang='lat' dir='ltr'>uno</span> <span class='ocrx_word' id='word_1_59' title='bbox 1212 655 1303 698; x_wconf 91' lang='lat' dir='ltr'>solo</span> <span class='ocrx_word' id='word_1_60' title='bbox 1333 655 1428 697; x_wconf 90' lang='lat' dir='ltr'>loco</span> <span class='ocrx_word' id='word_1_61' title='bbox 1461 656 1504 696; x_wconf 91' lang='lat' dir='ltr'>in</span> <span class='ocrx_word' id='word_1_62' title='bbox 1528 656 1667 698; x_wconf 89' lang='lat' dir='ltr'>medio</span> <span class='ocrx_word' id='word_1_63' title='bbox 1689 656 1797 697; x_wconf 86' lang='lat' dir='ltr'>libro</span> <span class='ocrx_word' id='word_1_64' title='bbox 1830 660 1972 697; x_wconf 84' lang='lat' dir='ltr'>servat</span> <span class='ocrx_word' id='word_1_65' title='bbox 2002 656 2209 698; x_wconf 82' lang='lat' dir='ltr'>sermonis</span> 
     </span>
     <span class='ocr_line' id='line_1_7' title="bbox 229 726 2209 785; baseline 0.001 -16"><span class='ocrx_word' id='word_1_66' title='bbox 229 727 440 771; x_wconf 85' lang='lat' dir='ltr'>hibernici</span> <span class='ocrx_word' id='word_1_67' title='bbox 483 729 535 772; x_wconf 86' lang='lat' dir='ltr'>de</span> <span class='ocrx_word' id='word_1_68' title='bbox 565 729 850 785; x_wconf 81' lang='lat' dir='ltr'>abnegatione</span> <span class='ocrx_word' id='word_1_69' title='bbox 892 729 1170 785; x_wconf 77' lang='lat' dir='ltr'>fragmentum</span> <span class='ocrx_word' id='word_1_70' title='bbox 1204 729 1492 771; x_wconf 85' lang='lat' dir='ltr'>intermixtum</span> <span class='ocrx_word' id='word_1_71' title='bbox 1534 729 1759 771; x_wconf 87' lang='lat' dir='ltr'>sententiis</span> <span class='ocrx_word' id='word_1_72' title='bbox 1800 728 1959 771; x_wconf 86' lang='lat' dir='ltr'>latinis.</span> <span class='ocrx_word' id='word_1_73' title='bbox 2028 726 2209 770; x_wconf 76' lang='lat' dir='ltr'>Constat</span> 
     </span>
     <span class='ocr_line' id='line_1_8' title="bbox 232 795 2204 858; baseline 0 -16"><span class='ocrx_word' id='word_1_74' title='bbox 232 801 285 843; x_wconf 85' lang='lat' dir='ltr'>de</span> <span class='ocrx_word' id='word_1_75' title='bbox 315 808 453 844; x_wconf 85' lang='lat' dir='ltr'>aetate</span> <span class='ocrx_word' id='word_1_76' title='bbox 492 802 676 851; x_wconf 74' lang='lat' dir='ltr'>codicis:</span> <span class='ocrx_word' id='word_1_77' title='bbox 714 803 807 844; x_wconf 88' lang='lat' dir='ltr'>finit</span> <span class='ocrx_word' id='word_1_78' title='bbox 838 803 948 845; x_wconf 90' lang='lat' dir='ltr'>enim</span> <span class='ocrx_word' id='word_1_79' title='bbox 981 802 1048 844; x_wconf 88' lang='lat' dir='ltr'>his</span> <span class='ocrx_word' id='word_1_80' title='bbox 1082 802 1246 845; x_wconf 85' lang='lat' dir='ltr'>verbis:</span> <span class='ocrx_word' id='word_1_81' title='bbox 1305 795 1399 858; x_wconf 76' lang='lat' dir='ltr'>‘qni</span> <span class='ocrx_word' id='word_1_82' title='bbox 1432 802 1579 844; x_wconf 82' lang='lat' dir='ltr'>dicunt</span> <span class='ocrx_word' id='word_1_83' title='bbox 1614 802 1718 844; x_wconf 90' lang='lat' dir='ltr'>mihi</span> <span class='ocrx_word' id='word_1_84' title='bbox 1758 818 1864 858; x_wconf 85' lang='lat' dir='ltr'>euge</span> <span class='ocrx_word' id='word_1_85' title='bbox 1897 816 2018 857; x_wconf 87' lang='lat' dir='ltr'>euge.</span> <span class='ocrx_word' id='word_1_86' title='bbox 2077 801 2204 858; x_wconf 80' lang='lat' dir='ltr'>Expl.</span> 
     </span>
     <span class='ocr_line' id='line_1_9' title="bbox 227 874 2208 932; baseline 0.001 -16"><span class='ocrx_word' id='word_1_87' title='bbox 227 875 336 917; x_wconf 86' lang='lat' dir='ltr'>liber</span> <span class='ocrx_word' id='word_1_88' title='bbox 366 890 575 918; x_wconf 84' lang='lat' dir='ltr'>canonum</span> <span class='ocrx_word' id='word_1_89' title='bbox 606 890 733 932; x_wconf 89' lang='lat' dir='ltr'>quem</span> <span class='ocrx_word' id='word_1_90' title='bbox 755 876 933 918; x_wconf 89' lang='lat' dir='ltr'>domnus</span> <span class='ocrx_word' id='word_1_91' title='bbox 956 876 1185 918; x_wconf 84' lang='lat' dir='ltr'>Albericus</span> <span class='ocrx_word' id='word_1_92' title='bbox 1208 875 1438 932; x_wconf 82' lang='lat' dir='ltr'>episcopus</span> <span class='ocrx_word' id='word_1_93' title='bbox 1470 875 1586 918; x_wconf 86' lang='lat' dir='ltr'>urbis</span> <span class='ocrx_word' id='word_1_94' title='bbox 1610 874 1976 918; x_wconf 83' lang='lat' dir='ltr'>Camaracinsium</span> <span class='ocrx_word' id='word_1_95' title='bbox 2010 882 2052 917; x_wconf 92' lang='lat' dir='ltr'>et</span> <span class='ocrx_word' id='word_1_96' title='bbox 2069 876 2208 917; x_wconf 88' lang='lat' dir='ltr'>Adra-</span> 
     </span>
     <span class='ocr_line' id='line_1_10' title="bbox 229 942 2206 1006; baseline 0.001 -16"><span class='ocrx_word' id='word_1_97' title='bbox 229 949 461 991; x_wconf 86' lang='lat' dir='ltr'>batinsium</span> <span class='ocrx_word' id='word_1_98' title='bbox 489 950 583 992; x_wconf 89' lang='lat' dir='ltr'>fieri</span> <span class='ocrx_word' id='word_1_99' title='bbox 614 949 783 1006; x_wconf 89' lang='lat' dir='ltr'>rogavit</span> <span class='ocrx_word' id='word_1_100' title='bbox 803 949 898 992; x_wconf 89' lang='lat' dir='ltr'>Deo</span> <span class='ocrx_word' id='word_1_101' title='bbox 931 949 1090 1005; x_wconf 83' lang='lat' dir='ltr'>gratias</span> <span class='ocrx_word' id='word_1_102' title='bbox 1122 942 1284 991; x_wconf 54' lang='lat' dir='ltr'>Amen?</span> <span class='ocrx_word' id='word_1_103' title='bbox 1355 947 1546 990; x_wconf 80' lang='lat' dir='ltr'>Praefuit</span> <span class='ocrx_word' id='word_1_104' title='bbox 1578 949 1808 1005; x_wconf 87' lang='lat' dir='ltr'>episcopus</span> <span class='ocrx_word' id='word_1_105' title='bbox 1832 949 2061 991; x_wconf 88' lang='lat' dir='ltr'>Albericus</span> <span class='ocrx_word' id='word_1_106' title='bbox 2093 950 2146 991; x_wconf 89' lang='lat' dir='ltr'>ab</span> <span class='ocrx_word' id='word_1_107' title='bbox 2169 965 2206 991; x_wconf 83' lang='lat' dir='ltr'>a.</span> 
     </span>
     <span class='ocr_line' id='line_1_11' title="bbox 225 1021 2206 1079; baseline 0.001 -17"><span class='ocrx_word' id='word_1_108' title='bbox 225 1021 311 1070; x_wconf 75' lang='lat'>763</span> <span class='ocrx_word' id='word_1_109' title='bbox 343 1037 479 1078; x_wconf 89' lang='lat' dir='ltr'>usque</span> <span class='ocrx_word' id='word_1_110' title='bbox 513 1021 567 1064; x_wconf 87' lang='lat' dir='ltr'>ad</span> <span class='ocrx_word' id='word_1_111' title='bbox 599 1037 635 1065; x_wconf 91' lang='lat' dir='ltr'>a.</span> <span class='ocrx_word' id='word_1_112' title='bbox 661 1023 742 1064; x_wconf 84' lang='lat'>790</span> <span class='ocrx_word' id='word_1_113' title='bbox 773 1022 954 1064; x_wconf 82' lang='lat' dir='ltr'>circiter.</span> <span class='ocrx_word' id='word_1_114' title='bbox 1013 1022 1158 1064; x_wconf 87' lang='lat' dir='ltr'>Locus</span> <span class='ocrx_word' id='word_1_115' title='bbox 1188 1023 1272 1064; x_wconf 80' lang='lat' dir='ltr'>iam</span> <span class='ocrx_word' id='word_1_116' title='bbox 1303 1021 1419 1078; x_wconf 89' lang='lat' dir='ltr'>typis</span> <span class='ocrx_word' id='word_1_117' title='bbox 1450 1022 1686 1077; x_wconf 83' lang='lat' dir='ltr'>impressus</span> <span class='ocrx_word' id='word_1_118' title='bbox 1727 1029 1792 1064; x_wconf 89' lang='lat' dir='ltr'>est</span> <span class='ocrx_word' id='word_1_119' title='bbox 1831 1023 1946 1079; x_wconf 88' lang='lat' dir='ltr'>apud</span> <span class='ocrx_word' id='word_1_120' title='bbox 1976 1022 2206 1074; x_wconf 87' lang='lat' dir='ltr'>Pertzium,</span> 
     </span>
     <span class='ocr_line' id='line_1_12' title="bbox 224 1089 2204 1151; baseline 0.001 -16"><span class='ocrx_word' id='word_1_121' title='bbox 224 1093 270 1135; x_wconf 87' lang='lat' dir='ltr'>in</span> <span class='ocrx_word' id='word_1_122' title='bbox 303 1096 447 1151; x_wconf 91' lang='lat' dir='ltr'>operis</span> <span class='ocrx_word' id='word_1_123' title='bbox 478 1095 675 1151; x_wconf 88' lang='lat' dir='ltr'>inscripti</span> <span class='ocrx_word' id='word_1_124' title='bbox 731 1089 914 1138; x_wconf 87' lang='lat' dir='ltr'>‘Archiv</span> <span class='ocrx_word' id='word_1_125' title='bbox 945 1097 984 1139; x_wconf 89' lang='lat' dir='ltr'>d.</span> <span class='ocrx_word' id='word_1_126' title='bbox 1018 1095 1259 1138; x_wconf 85' lang='lat' dir='ltr'>Gesellsch.</span> <span class='ocrx_word' id='word_1_127' title='bbox 1292 1095 1358 1137; x_wconf 73' lang='lat' dir='ltr'>fiir</span> <span class='ocrx_word' id='word_1_128' title='bbox 1388 1095 1520 1138; x_wconf 67' lang='lat' dir='ltr'>altere</span> <span class='ocrx_word' id='word_1_129' title='bbox 1551 1096 1755 1138; x_wconf 77' lang='lat' dir='ltr'>deutsche</span> <span class='ocrx_word' id='word_1_130' title='bbox 1787 1091 2204 1138; x_wconf 83' lang='lat' dir='ltr'>Geschichtskunde&#39;</span> 
     </span>
     <span class='ocr_line' id='line_1_13' title="bbox 230 1167 2201 1225; baseline 0.001 -17"><span class='ocrx_word' id='word_1_131' title='bbox 230 1174 258 1210; x_wconf 92' lang='lat' dir='ltr'>t.</span> <span class='ocrx_word' id='word_1_132' title='bbox 283 1167 320 1220; x_wconf 81' lang='grc'>8,</span> <span class='ocrx_word' id='word_1_133' title='bbox 352 1183 425 1225; x_wconf 88' lang='lat' dir='ltr'>pp.</span> <span class='ocrx_word' id='word_1_134' title='bbox 447 1170 545 1211; x_wconf 83' lang='lat'>432.</span> <span class='ocrx_word' id='word_1_135' title='bbox 577 1168 681 1221; x_wconf 80' lang='lat'>433,</span> <span class='ocrx_word' id='word_1_136' title='bbox 713 1168 786 1212; x_wconf 92' lang='lat' dir='ltr'>ubi</span> <span class='ocrx_word' id='word_1_137' title='bbox 816 1175 959 1211; x_wconf 88' lang='lat' dir='ltr'>tamen</span> <span class='ocrx_word' id='word_1_138' title='bbox 987 1168 1302 1221; x_wconf 87' lang='lat' dir='ltr'>Bethmannus,</span> <span class='ocrx_word' id='word_1_139' title='bbox 1341 1169 1414 1225; x_wconf 87' lang='lat' dir='ltr'>qui</span> <span class='ocrx_word' id='word_1_140' title='bbox 1456 1169 1628 1211; x_wconf 82' lang='lat' dir='ltr'>codices</span> <span class='ocrx_word' id='word_1_141' title='bbox 1659 1167 1997 1212; x_wconf 84' lang='lat' dir='ltr'>Camaracenses</span> <span class='ocrx_word' id='word_1_142' title='bbox 2035 1183 2071 1211; x_wconf 89' lang='lat' dir='ltr'>a.</span> <span class='ocrx_word' id='word_1_143' title='bbox 2099 1169 2201 1211; x_wconf 84' lang='lat'>1841</span> 
     </span>
     <span class='ocr_line' id='line_1_14' title="bbox 224 1241 2207 1299; baseline 0.002 -18"><span class='ocrx_word' id='word_1_144' title='bbox 224 1241 444 1295; x_wconf 83' lang='lat' dir='ltr'>lustravit,</span> <span class='ocrx_word' id='word_1_145' title='bbox 488 1242 743 1298; x_wconf 84' lang='lat' dir='ltr'>scripturam</span> <span class='ocrx_word' id='word_1_146' title='bbox 786 1241 878 1285; x_wconf 89' lang='lat' dir='ltr'>eius</span> <span class='ocrx_word' id='word_1_147' title='bbox 910 1242 1074 1285; x_wconf 88' lang='lat' dir='ltr'>codicis</span> <span class='ocrx_word' id='word_1_148' title='bbox 1111 1243 1232 1284; x_wconf 88' lang='lat' dir='ltr'>malit</span> <span class='ocrx_word' id='word_1_149' title='bbox 1266 1250 1416 1299; x_wconf 87' lang='lat' dir='ltr'>putare</span> <span class='ocrx_word' id='word_1_150' title='bbox 1456 1257 1553 1285; x_wconf 80' lang='lat' dir='ltr'>esse</span> <span class='ocrx_word' id='word_1_151' title='bbox 1586 1243 1748 1285; x_wconf 87' lang='lat' dir='ltr'>saeculi</span> <span class='ocrx_word' id='word_1_152' title='bbox 1787 1243 1902 1286; x_wconf 90' lang='lat' dir='ltr'>noni.</span> <span class='ocrx_word' id='word_1_153' title='bbox 1963 1241 2071 1285; x_wconf 88' lang='lat' dir='ltr'>Post</span> <span class='ocrx_word' id='word_1_154' title='bbox 2111 1257 2207 1285; x_wconf 91' lang='lat' dir='ltr'>eum</span> 
     </span>
     <span class='ocr_line' id='line_1_15' title="bbox 227 1312 2207 1372; baseline 0.001 -16"><span class='ocrx_word' id='word_1_155' title='bbox 227 1312 550 1358; x_wconf 89' lang='lat' dir='ltr'>O’Donovanus</span> <span class='ocrx_word' id='word_1_156' title='bbox 583 1315 794 1370; x_wconf 77' lang='lat' dir='ltr'>(Graium.</span> <span class='ocrx_word' id='word_1_157' title='bbox 826 1315 913 1359; x_wconf 89' lang='lat' dir='ltr'>hib.</span> <span class='ocrx_word' id='word_1_158' title='bbox 946 1314 1109 1359; x_wconf 87' lang='lat' dir='ltr'>Introd.</span> <span class='ocrx_word' id='word_1_159' title='bbox 1140 1315 1271 1371; x_wconf 88' lang='lat' dir='ltr'>LIII)</span> <span class='ocrx_word' id='word_1_160' title='bbox 1311 1317 1547 1359; x_wconf 89' lang='lat' dir='ltr'>secundum</span> <span class='ocrx_word' id='word_1_161' title='bbox 1576 1316 1855 1358; x_wconf 87' lang='lat' dir='ltr'>imitationem</span> <span class='ocrx_word' id='word_1_162' title='bbox 1885 1316 2150 1372; x_wconf 85' lang='lat' dir='ltr'>publicatam</span> <span class='ocrx_word' id='word_1_163' title='bbox 2181 1331 2207 1357; x_wconf 87' lang='lat' dir='ltr'>a</span> 
     </span>
     <span class='ocr_line' id='line_1_16' title="bbox 223 1386 2206 1446; baseline 0 -14"><span class='ocrx_word' id='word_1_164' title='bbox 223 1386 273 1432; x_wconf 84' lang='lat' dir='ltr'>C.</span> <span class='ocrx_word' id='word_1_165' title='bbox 296 1388 345 1430; x_wconf 91' lang='lat' dir='ltr'>P.</span> <span class='ocrx_word' id='word_1_166' title='bbox 371 1388 557 1446; x_wconf 81' lang='lat' dir='ltr'>Cooper,</span> <span class='ocrx_word' id='word_1_167' title='bbox 593 1389 823 1432; x_wconf 83' lang='lat' dir='ltr'>secretario</span> <span class='ocrx_word' id='word_1_168' title='bbox 856 1389 1076 1432; x_wconf 87' lang='lat' dir='ltr'>societatis</span> <span class='ocrx_word' id='word_1_169' title='bbox 1100 1389 1277 1431; x_wconf 87' lang='lat' dir='ltr'>edendis</span> <span class='ocrx_word' id='word_1_170' title='bbox 1309 1389 1504 1446; x_wconf 80' lang='lat' dir='ltr'>anglicae</span> <span class='ocrx_word' id='word_1_171' title='bbox 1526 1389 1731 1431; x_wconf 73' lang='lat' dir='ltr'>historiae</span> <span class='ocrx_word' id='word_1_172' title='bbox 1747 1389 2045 1442; x_wconf 82' lang='lat' dir='ltr'>monumentis,</span> <span class='ocrx_word' id='word_1_173' title='bbox 2078 1405 2206 1446; x_wconf 86' lang='lat' dir='ltr'>quam</span> 
     </span>
     <span class='ocr_line' id='line_1_17' title="bbox 220 1462 2206 1518; baseline 0.002 -16"><span class='ocrx_word' id='word_1_174' title='bbox 220 1477 299 1518; x_wconf 81' lang='lat' dir='ltr'>ego</span> <span class='ocrx_word' id='word_1_175' title='bbox 329 1478 416 1505; x_wconf 85' lang='lat' dir='ltr'>non</span> <span class='ocrx_word' id='word_1_176' title='bbox 439 1464 540 1516; x_wconf 72' lang='lat' dir='ltr'>vidi,</span> <span class='ocrx_word' id='word_1_177' title='bbox 575 1463 770 1506; x_wconf 85' lang='lat' dir='ltr'>codicem</span> <span class='ocrx_word' id='word_1_178' title='bbox 799 1463 901 1505; x_wconf 85' lang='lat' dir='ltr'>item</span> <span class='ocrx_word' id='word_1_179' title='bbox 933 1463 1107 1505; x_wconf 86' lang='lat' dir='ltr'>saeculo</span> <span class='ocrx_word' id='word_1_180' title='bbox 1139 1469 1291 1505; x_wconf 86' lang='lat' dir='ltr'>octavo</span> <span class='ocrx_word' id='word_1_181' title='bbox 1317 1463 1517 1505; x_wconf 90' lang='lat' dir='ltr'>vindicat.</span> <span class='ocrx_word' id='word_1_182' title='bbox 1579 1462 1632 1504; x_wconf 86' lang='lat' dir='ltr'>In</span> <span class='ocrx_word' id='word_1_183' title='bbox 1652 1463 1852 1505; x_wconf 85' lang='lat' dir='ltr'>manibus</span> <span class='ocrx_word' id='word_1_184' title='bbox 1873 1463 1983 1506; x_wconf 84' lang='lat' dir='ltr'>meis</span> <span class='ocrx_word' id='word_1_185' title='bbox 2014 1469 2081 1506; x_wconf 86' lang='lat' dir='ltr'>est</span> <span class='ocrx_word' id='word_1_186' title='bbox 2109 1463 2206 1506; x_wconf 87' lang='lat' dir='ltr'>imi-</span> 
     </span>
     <span class='ocr_line' id='line_1_18' title="bbox 217 1535 2204 1593; baseline 0.001 -17"><span class='ocrx_word' id='word_1_187' title='bbox 217 1536 324 1578; x_wconf 82' lang='lat' dir='ltr'>tatio</span> <span class='ocrx_word' id='word_1_188' title='bbox 355 1536 398 1577; x_wconf 85' lang='lat' dir='ltr'>in</span> <span class='ocrx_word' id='word_1_189' title='bbox 431 1538 578 1580; x_wconf 85' lang='lat' dir='ltr'>charta</span> <span class='ocrx_word' id='word_1_190' title='bbox 609 1535 837 1593; x_wconf 86' lang='lat' dir='ltr'>pellucida,</span> <span class='ocrx_word' id='word_1_191' title='bbox 871 1552 997 1592; x_wconf 85' lang='lat' dir='ltr'>quam</span> <span class='ocrx_word' id='word_1_192' title='bbox 1028 1537 1165 1579; x_wconf 83' lang='lat' dir='ltr'>debeo</span> <span class='ocrx_word' id='word_1_193' title='bbox 1186 1536 1349 1587; x_wconf 77' lang='lat' dir='ltr'>Monio,</span> <span class='ocrx_word' id='word_1_194' title='bbox 1384 1536 1433 1577; x_wconf 92' lang='lat' dir='ltr'>V.</span> <span class='ocrx_word' id='word_1_195' title='bbox 1459 1535 1539 1589; x_wconf 71' lang='lat' dir='ltr'>CL,</span> <span class='ocrx_word' id='word_1_196' title='bbox 1573 1536 1642 1578; x_wconf 89' lang='lat' dir='ltr'>cui</span> <span class='ocrx_word' id='word_1_197' title='bbox 1665 1536 1842 1578; x_wconf 86' lang='lat' dir='ltr'>eandem</span> <span class='ocrx_word' id='word_1_198' title='bbox 1874 1536 2029 1579; x_wconf 86' lang='lat' dir='ltr'>obtulit</span> <span class='ocrx_word' id='word_1_199' title='bbox 2048 1536 2204 1580; x_wconf 87' lang='lat' dir='ltr'>Warn-</span> 
     </span>
     <span class='ocr_line' id='line_1_19' title="bbox 218 1609 2203 1667; baseline 0.001 -16"><span class='ocrx_word' id='word_1_200' title='bbox 218 1609 373 1665; x_wconf 72' lang='lat' dir='ltr'>konig,</span> <span class='ocrx_word' id='word_1_201' title='bbox 412 1610 598 1653; x_wconf 68' lang='lat' dir='ltr'>Lovanii</span> <span class='ocrx_word' id='word_1_202' title='bbox 629 1612 843 1667; x_wconf 88' lang='lat' dir='ltr'>quondam</span> <span class='ocrx_word' id='word_1_203' title='bbox 875 1611 979 1653; x_wconf 88' lang='lat' dir='ltr'>iuris</span> <span class='ocrx_word' id='word_1_204' title='bbox 1010 1610 1251 1666; x_wconf 81' lang='lat' dir='ltr'>professor,</span> <span class='ocrx_word' id='word_1_205' title='bbox 1294 1610 1360 1651; x_wconf 79' lang='lat' dir='ltr'>vir</span> <span class='ocrx_word' id='word_1_206' title='bbox 1399 1610 1451 1651; x_wconf 81' lang='lat' dir='ltr'>de</span> <span class='ocrx_word' id='word_1_207' title='bbox 1484 1610 1637 1651; x_wconf 85' lang='lat' dir='ltr'>studiis</span> <span class='ocrx_word' id='word_1_208' title='bbox 1669 1609 1873 1652; x_wconf 79' lang='lat' dir='ltr'>historiae</span> <span class='ocrx_word' id='word_1_209' title='bbox 1904 1609 2098 1666; x_wconf 82' lang='lat' dir='ltr'>belgicae</span> <span class='ocrx_word' id='word_1_210' title='bbox 2128 1625 2203 1667; x_wconf 86' lang='lat' dir='ltr'>op—</span> 
     </span>
     <span class='ocr_line' id='line_1_20' title="bbox 216 1683 2205 1740; baseline 0.001 -16"><span class='ocrx_word' id='word_1_211' title='bbox 216 1683 318 1726; x_wconf 87' lang='lat' dir='ltr'>time</span> <span class='ocrx_word' id='word_1_212' title='bbox 359 1685 547 1727; x_wconf 85' lang='lat' dir='ltr'>meritus.</span> <span class='ocrx_word' id='word_1_213' title='bbox 616 1683 685 1727; x_wconf 85' lang='lat' dir='ltr'>Ex</span> <span class='ocrx_word' id='word_1_214' title='bbox 726 1700 777 1727; x_wconf 86' lang='lat' dir='ltr'>ea</span> <span class='ocrx_word' id='word_1_215' title='bbox 818 1684 1056 1726; x_wconf 80' lang='lat' dir='ltr'>imitatione</span> <span class='ocrx_word' id='word_1_216' title='bbox 1098 1684 1397 1727; x_wconf 83' lang='lat' dir='ltr'>sermunculus</span> <span class='ocrx_word' id='word_1_217' title='bbox 1433 1684 1551 1739; x_wconf 84' lang='lat' dir='ltr'>typis</span> <span class='ocrx_word' id='word_1_218' title='bbox 1588 1684 1825 1740; x_wconf 89' lang='lat' dir='ltr'>impressus</span> <span class='ocrx_word' id='word_1_219' title='bbox 1865 1684 2057 1738; x_wconf 88' lang='lat' dir='ltr'>sequitur</span> <span class='ocrx_word' id='word_1_220' title='bbox 2093 1683 2205 1727; x_wconf 75' lang='lat' dir='ltr'>infra</span> 
     </span>
     <span class='ocr_line' id='line_1_21' title="bbox 215 1758 545 1815; baseline 0.009 -17"><span class='ocrx_word' id='word_1_221' title='bbox 215 1758 261 1799; x_wconf 86' lang='lat' dir='ltr'>in</span> <span class='ocrx_word' id='word_1_222' title='bbox 292 1760 545 1815; x_wconf 79' lang='lat' dir='ltr'>appendice.</span> 
     </span>
    </p>

    <p class='ocr_par' dir='ltr' id='par_1_4' title="bbox 208 1829 2203 2621">
     <span class='ocr_line' id='line_1_22' title="bbox 329 1829 2203 1888; baseline -0.001 -13"><span class='ocrx_word' id='word_1_223' title='bbox 329 1832 535 1888; x_wconf 85' lang='lat' dir='ltr'>Belgicas</span> <span class='ocrx_word' id='word_1_224' title='bbox 568 1832 770 1888; x_wconf 82' lang='lat' dir='ltr'>regiones</span> <span class='ocrx_word' id='word_1_225' title='bbox 802 1838 845 1874; x_wconf 89' lang='lat' dir='ltr'>et</span> <span class='ocrx_word' id='word_1_226' title='bbox 865 1833 1031 1873; x_wconf 80' lang='lat' dir='ltr'>vicina-s</span> <span class='ocrx_word' id='word_1_227' title='bbox 1063 1832 1240 1887; x_wconf 84' lang='lat' dir='ltr'>gallicas</span> <span class='ocrx_word' id='word_1_228' title='bbox 1272 1831 1449 1872; x_wconf 89' lang='lat' dir='ltr'>multum</span> <span class='ocrx_word' id='word_1_229' title='bbox 1480 1830 1772 1885; x_wconf 82' lang='lat' dir='ltr'>frequentatas</span> <span class='ocrx_word' id='word_1_230' title='bbox 1801 1829 1936 1874; x_wconf 87' lang='lat' dir='ltr'>fuisse</span> <span class='ocrx_word' id='word_1_231' title='bbox 1969 1831 2022 1874; x_wconf 87' lang='lat' dir='ltr'>ab</span> <span class='ocrx_word' id='word_1_232' title='bbox 2043 1830 2203 1874; x_wconf 86' lang='lat' dir='ltr'>Hiber-</span> 
     </span>
     <span class='ocr_line' id='line_1_23' title="bbox 215 1897 2200 1958; baseline 0 -11"><span class='ocrx_word' id='word_1_233' title='bbox 215 1905 307 1958; x_wconf 80' lang='lat' dir='ltr'>nis,</span> <span class='ocrx_word' id='word_1_234' title='bbox 340 1907 425 1947; x_wconf 77' lang='lat' dir='ltr'>iam</span> <span class='ocrx_word' id='word_1_235' title='bbox 457 1906 632 1948; x_wconf 89' lang='lat' dir='ltr'>nomina</span> <span class='ocrx_word' id='word_1_236' title='bbox 662 1905 814 1949; x_wconf 86' lang='lat' dir='ltr'>Fefrus</span> <span class='ocrx_word' id='word_1_237' title='bbox 846 1905 915 1948; x_wconf 89' lang='lat' dir='ltr'>vel</span> <span class='ocrx_word' id='word_1_238' title='bbox 945 1905 1164 1958; x_wconf 85' lang='lat' dir='ltr'>Fiacrius,</span> <span class='ocrx_word' id='word_1_239' title='bbox 1199 1904 1442 1954; x_wconf 80' lang='lat' dir='ltr'>Chillenus,</span> <span class='ocrx_word' id='word_1_240' title='bbox 1475 1897 1686 1956; x_wconf 82' lang='lat' dir='ltr'>Furseus,</span> <span class='ocrx_word' id='word_1_241' title='bbox 1728 1902 1933 1957; x_wconf 84' lang='lat' dir='ltr'>Ultanus,</span> <span class='ocrx_word' id='word_1_242' title='bbox 1965 1904 2200 1958; x_wconf 77' lang='lat' dir='ltr'>Pomanus,</span> 
     </span>
     <span class='ocr_line' id='line_1_24' title="bbox 215 1976 2200 2036; baseline 0.001 -16"><span class='ocrx_word' id='word_1_243' title='bbox 215 1978 432 2021; x_wconf 85' lang='lat' dir='ltr'>celebrata</span> <span class='ocrx_word' id='word_1_244' title='bbox 459 1978 676 2022; x_wconf 87' lang='lat' dir='ltr'>Latiniaci</span> <span class='ocrx_word' id='word_1_245' title='bbox 709 1994 843 2036; x_wconf 88' lang='lat' dir='ltr'>prope</span> <span class='ocrx_word' id='word_1_246' title='bbox 873 1977 1080 2031; x_wconf 83' lang='lat' dir='ltr'>Parisios,</span> <span class='ocrx_word' id='word_1_247' title='bbox 1112 1978 1287 2030; x_wconf 87' lang='lat' dir='ltr'>Meldis,</span> <span class='ocrx_word' id='word_1_248' title='bbox 1320 1977 1528 2029; x_wconf 85' lang='lat' dir='ltr'>Peronae,</span> <span class='ocrx_word' id='word_1_249' title='bbox 1560 1976 1736 2030; x_wconf 87' lang='lat' dir='ltr'>Fossis,</span> <span class='ocrx_word' id='word_1_250' title='bbox 1771 1978 2066 2031; x_wconf 84' lang='lat' dir='ltr'>Atrebatibus,</span> <span class='ocrx_word' id='word_1_251' title='bbox 2100 1993 2200 2021; x_wconf 87' lang='lat' dir='ltr'>con-</span> 
     </span>
     <span class='ocr_line' id='line_1_25' title="bbox 212 2050 2201 2108; baseline -0.001 -14"><span class='ocrx_word' id='word_1_252' title='bbox 212 2053 392 2106; x_wconf 85' lang='lat' dir='ltr'>firmant,</span> <span class='ocrx_word' id='word_1_253' title='bbox 426 2060 667 2096; x_wconf 85' lang='lat' dir='ltr'>sanctorum</span> <span class='ocrx_word' id='word_1_254' title='bbox 699 2051 1011 2105; x_wconf 88' lang='lat' dir='ltr'>Hibernorum,</span> <span class='ocrx_word' id='word_1_255' title='bbox 1052 2052 1121 2108; x_wconf 90' lang='lat' dir='ltr'>qui</span> <span class='ocrx_word' id='word_1_256' title='bbox 1155 2052 1315 2093; x_wconf 85' lang='lat' dir='ltr'>ibidem</span> <span class='ocrx_word' id='word_1_257' title='bbox 1344 2052 1388 2093; x_wconf 89' lang='lat' dir='ltr'>in</span> <span class='ocrx_word' id='word_1_258' title='bbox 1420 2051 1701 2107; x_wconf 81' lang='lat' dir='ltr'>propaganda</span> <span class='ocrx_word' id='word_1_259' title='bbox 1741 2057 1781 2093; x_wconf 89' lang='lat' dir='ltr'>et</span> <span class='ocrx_word' id='word_1_260' title='bbox 1812 2051 2071 2094; x_wconf 84' lang='lat' dir='ltr'>stabilienda</span> <span class='ocrx_word' id='word_1_261' title='bbox 2100 2050 2201 2093; x_wconf 88' lang='lat' dir='ltr'>reli-</span> 
     </span>
     <span class='ocr_line' id='line_1_26' title="bbox 214 2123 2200 2182; baseline -0.001 -14"><span class='ocrx_word' id='word_1_262' title='bbox 214 2126 340 2182; x_wconf 87' lang='lat' dir='ltr'>gione</span> <span class='ocrx_word' id='word_1_263' title='bbox 374 2126 609 2169; x_wconf 87' lang='lat' dir='ltr'>christiana</span> <span class='ocrx_word' id='word_1_264' title='bbox 640 2127 885 2169; x_wconf 82' lang='lat' dir='ltr'>laborarunt</span> <span class='ocrx_word' id='word_1_265' title='bbox 923 2126 1024 2168; x_wconf 92' lang='lat' dir='ltr'>inde</span> <span class='ocrx_word' id='word_1_266' title='bbox 1064 2141 1088 2168; x_wconf 88' lang='lat' dir='ltr'>a</span> <span class='ocrx_word' id='word_1_267' title='bbox 1116 2125 1255 2168; x_wconf 86' lang='lat' dir='ltr'>medio</span> <span class='ocrx_word' id='word_1_268' title='bbox 1298 2123 1460 2167; x_wconf 88' lang='lat' dir='ltr'>saeculi</span> <span class='ocrx_word' id='word_1_269' title='bbox 1492 2124 1663 2180; x_wconf 84' lang='lat' dir='ltr'>septimi</span> <span class='ocrx_word' id='word_1_270' title='bbox 1701 2124 1885 2174; x_wconf 86' lang='lat' dir='ltr'>(Mabill.</span> <span class='ocrx_word' id='word_1_271' title='bbox 1918 2125 2032 2167; x_wconf 89' lang='lat' dir='ltr'>Acta</span> <span class='ocrx_word' id='word_1_272' title='bbox 2060 2124 2200 2167; x_wconf 87' lang='lat' dir='ltr'>Bene-</span> 
     </span>
     <span class='ocr_line' id='line_1_27' title="bbox 216 2196 2201 2256; baseline 0 -16"><span class='ocrx_word' id='word_1_273' title='bbox 216 2198 316 2242; x_wconf 88' lang='lat' dir='ltr'>dict.</span> <span class='ocrx_word' id='word_1_274' title='bbox 353 2214 466 2244; x_wconf 85' lang='lat' dir='ltr'>saec.</span> <span class='ocrx_word' id='word_1_275' title='bbox 502 2201 540 2252; x_wconf 79' lang='lat'>2,</span> <span class='ocrx_word' id='word_1_276' title='bbox 570 2200 664 2242; x_wconf 76' lang='lat'><strong>287.</strong></span> <span class='ocrx_word' id='word_1_277' title='bbox 689 2200 786 2242; x_wconf 81' lang='lat'><strong>573.</strong></span> <span class='ocrx_word' id='word_1_278' title='bbox 811 2199 938 2254; x_wconf 82' lang='lat'>591),</span> <span class='ocrx_word' id='word_1_279' title='bbox 977 2199 1141 2256; x_wconf 81' lang='lat' dir='ltr'>aliquot</span> <span class='ocrx_word' id='word_1_280' title='bbox 1173 2198 1394 2240; x_wconf 85' lang='lat' dir='ltr'>decenniis</span> <span class='ocrx_word' id='word_1_281' title='bbox 1425 2198 1731 2254; x_wconf 81' lang='lat' dir='ltr'>praeterlapsis</span> <span class='ocrx_word' id='word_1_282' title='bbox 1765 2203 1994 2254; x_wconf 85' lang='lat' dir='ltr'>postquam</span> <span class='ocrx_word' id='word_1_283' title='bbox 2025 2196 2201 2242; x_wconf 86' lang='lat' dir='ltr'>Colum-</span> 
     </span>
     <span class='ocr_line' id='line_1_28' title="bbox 211 2270 2202 2329; baseline 0.001 -16"><span class='ocrx_word' id='word_1_284' title='bbox 211 2272 347 2316; x_wconf 84' lang='lat' dir='ltr'>banus</span> <span class='ocrx_word' id='word_1_285' title='bbox 387 2279 429 2315; x_wconf 87' lang='lat' dir='ltr'>et</span> <span class='ocrx_word' id='word_1_286' title='bbox 460 2271 615 2316; x_wconf 80' lang='lat' dir='ltr'>Gallus</span> <span class='ocrx_word' id='word_1_287' title='bbox 647 2273 844 2329; x_wconf 87' lang='lat' dir='ltr'>sociique</span> <span class='ocrx_word' id='word_1_288' title='bbox 878 2272 1090 2326; x_wconf 80' lang='lat' dir='ltr'>Galliam,</span> <span class='ocrx_word' id='word_1_289' title='bbox 1121 2270 1382 2323; x_wconf 85' lang='lat' dir='ltr'>Helvetiam,</span> <span class='ocrx_word' id='word_1_290' title='bbox 1424 2271 1591 2313; x_wconf 86' lang='lat' dir='ltr'>Italiam</span> <span class='ocrx_word' id='word_1_291' title='bbox 1633 2279 1912 2327; x_wconf 84' lang='lat' dir='ltr'>peragrantes</span> <span class='ocrx_word' id='word_1_292' title='bbox 1943 2273 2202 2316; x_wconf 80' lang='lat' dir='ltr'>monasteria</span> 
     </span>
     <span class='ocr_line' id='line_1_29' title="bbox 208 2344 2199 2401; baseline 0 -13"><span class='ocrx_word' id='word_1_293' title='bbox 208 2345 463 2400; x_wconf 78' lang='lat' dir='ltr'>Luxovium,</span> <span class='ocrx_word' id='word_1_294' title='bbox 497 2345 646 2390; x_wconf 79' lang='lat' dir='ltr'>Sancti</span> <span class='ocrx_word' id='word_1_295' title='bbox 669 2345 800 2400; x_wconf 82' lang='lat' dir='ltr'>Galli,</span> <span class='ocrx_word' id='word_1_296' title='bbox 832 2346 1016 2389; x_wconf 91' lang='lat' dir='ltr'>Bobium</span> <span class='ocrx_word' id='word_1_297' title='bbox 1046 2346 1331 2397; x_wconf 84' lang='lat' dir='ltr'>instituerant,</span> <span class='ocrx_word' id='word_1_298' title='bbox 1365 2350 1408 2386; x_wconf 89' lang='lat' dir='ltr'>et</span> <span class='ocrx_word' id='word_1_299' title='bbox 1428 2344 1555 2400; x_wconf 85' lang='lat' dir='ltr'>paulo</span> <span class='ocrx_word' id='word_1_300' title='bbox 1589 2351 1695 2387; x_wconf 60' lang='lat' dir='ltr'>antev</span> <span class='ocrx_word' id='word_1_301' title='bbox 1719 2360 1845 2401; x_wconf 88' lang='lat' dir='ltr'>quam</span> <span class='ocrx_word' id='word_1_302' title='bbox 1868 2344 2071 2388; x_wconf 82' lang='lat' dir='ltr'>Kilianus</span> <span class='ocrx_word' id='word_1_303' title='bbox 2102 2360 2199 2393; x_wconf 75' lang='lat' dir='ltr'>cum</span> 
     </span>
     <span class='ocr_line' id='line_1_30' title="bbox 212 2417 2197 2474; baseline -0.001 -13"><span class='ocrx_word' id='word_1_304' title='bbox 212 2420 343 2462; x_wconf 89' lang='lat' dir='ltr'>sociis</span> <span class='ocrx_word' id='word_1_305' title='bbox 375 2418 584 2463; x_wconf 86' lang='lat' dir='ltr'>Totmano</span> <span class='ocrx_word' id='word_1_306' title='bbox 617 2427 659 2462; x_wconf 89' lang='lat' dir='ltr'>et</span> <span class='ocrx_word' id='word_1_307' title='bbox 690 2419 898 2463; x_wconf 83' lang='lat' dir='ltr'>Colmano</span> <span class='ocrx_word' id='word_1_308' title='bbox 930 2419 1037 2474; x_wconf 81' lang='lat' dir='ltr'>(bib.</span> <span class='ocrx_word' id='word_1_309' title='bbox 1069 2418 1109 2461; x_wconf 84' lang='grc' dir='ltr'><em>Τ</em></span> <span class='ocrx_word' id='word_1_310' title='bbox 1108 2420 1250 2461; x_wconf 68' lang='grc' dir='ltr'><em>οωηάιι</em></span> <span class='ocrx_word' id='word_1_311' title='bbox 1282 2434 1306 2460; x_wconf 86' lang='lat' dir='ltr'>a</span> <span class='ocrx_word' id='word_1_312' title='bbox 1337 2418 1452 2459; x_wconf 74' lang='lat' dir='ltr'>totz‘m</span> <span class='ocrx_word' id='word_1_313' title='bbox 1493 2433 1533 2474; x_wconf 92' lang='lat' dir='ltr'>p.</span> <span class='ocrx_word' id='word_1_314' title='bbox 1559 2419 1653 2469; x_wconf 74' lang='grc'>268,</span> <span class='ocrx_word' id='word_1_315' title='bbox 1689 2417 1862 2460; x_wconf 71' lang='lat' dir='ltr'>Colma&#39;n</span> <span class='ocrx_word' id='word_1_316' title='bbox 1892 2439 1935 2454; x_wconf 86' lang='lat'>=</span> <span class='ocrx_word' id='word_1_317' title='bbox 1968 2417 2197 2461; x_wconf 76' lang='lat' dir='ltr'>Columba&#39;n</span> 
     </span>
     <span class='ocr_line' id='line_1_31' title="bbox 208 2490 2196 2550; baseline 0 -16"><span class='ocrx_word' id='word_1_318' title='bbox 208 2510 233 2535; x_wconf 84' lang='lat' dir='ltr'>a</span> <span class='ocrx_word' id='word_1_319' title='bbox 253 2494 386 2534; x_wconf 72' lang='lat' dir='ltr'>colum</span> <span class='ocrx_word' id='word_1_320' title='bbox 418 2509 458 2550; x_wconf 83' lang='lat' dir='ltr'>p.</span> <span class='ocrx_word' id='word_1_321' title='bbox 483 2494 580 2547; x_wconf 80' lang='lat'>789,</span> <span class='ocrx_word' id='word_1_322' title='bbox 616 2508 725 2550; x_wconf 85' lang='lat' dir='ltr'>quae</span> <span class='ocrx_word' id='word_1_323' title='bbox 746 2494 906 2537; x_wconf 87' lang='lat' dir='ltr'>formae</span> <span class='ocrx_word' id='word_1_324' title='bbox 935 2491 1494 2548; x_wconf 67' lang='lat' dir='ltr'>nominumfpraeferendae</span> <span class='ocrx_word' id='word_1_325' title='bbox 1518 2500 1618 2533; x_wconf 89' lang='lat' dir='ltr'>sunt</span> <span class='ocrx_word' id='word_1_326' title='bbox 1647 2491 1794 2533; x_wconf 85' lang='lat' dir='ltr'>formis</span> <span class='ocrx_word' id='word_1_327' title='bbox 1811 2490 2026 2533; x_wconf 65' lang='lat' dir='ltr'>Totnanus</span> <span class='ocrx_word' id='word_1_328' title='bbox 2057 2498 2099 2534; x_wconf 87' lang='lat' dir='ltr'>et</span> <span class='ocrx_word' id='word_1_329' title='bbox 2121 2491 2196 2534; x_wconf 81' lang='lat' dir='ltr'>Co-</span> 
     </span>
     <span class='ocr_line' id='line_1_32' title="bbox 209 2564 2091 2621; baseline 0 -14"><span class='ocrx_word' id='word_1_330' title='bbox 209 2567 390 2618; x_wconf 62' lang='lat' dir='ltr'>lonum-33</span> <span class='ocrx_word' id='word_1_331' title='bbox 423 2567 475 2609; x_wconf 87' lang='lat' dir='ltr'>cf.</span> <span class='ocrx_word' id='word_1_332' title='bbox 508 2566 649 2609; x_wconf 84' lang='lat' dir='ltr'>Eckh.</span> <span class='ocrx_word' id='word_1_333' title='bbox 679 2567 750 2609; x_wconf 92' lang='lat' dir='ltr'>Fr.</span> <span class='ocrx_word' id='word_1_334' title='bbox 774 2566 848 2610; x_wconf 90' lang='lat' dir='ltr'>Or.</span> <span class='ocrx_word' id='word_1_335' title='bbox 884 2570 920 2621; x_wconf 85' lang='lat'>1,</span> <span class='ocrx_word' id='word_1_336' title='bbox 944 2567 1040 2619; x_wconf 76' lang='lat'>274,</span> <span class='ocrx_word' id='word_1_337' title='bbox 1072 2565 1185 2608; x_wconf 91' lang='lat' dir='ltr'>Boll.</span> <span class='ocrx_word' id='word_1_338' title='bbox 1217 2564 1296 2606; x_wconf 88' lang='lat' dir='ltr'>Iul.</span> <span class='ocrx_word' id='word_1_339' title='bbox 1316 2566 1354 2617; x_wconf 73' lang='lat'>2,</span> <span class='ocrx_word' id='word_1_340' title='bbox 1379 2565 1483 2619; x_wconf 83' lang='lat'>601)</span> <span class='ocrx_word' id='word_1_341' title='bbox 1516 2564 1835 2620; x_wconf 87' lang='lat' dir='ltr'>Wirziburgum</span> <span class='ocrx_word' id='word_1_342' title='bbox 1868 2572 2091 2608; x_wconf 87' lang='lat' dir='ltr'>venerunt.</span> 
     </span>
    </p>

    <p class='ocr_par' dir='ltr' id='par_1_5' title="bbox 203 2637 2194 3207">
     <span class='ocr_line' id='line_1_33' title="bbox 321 2637 2194 2695; baseline 0 -14"><span class='ocrx_word' id='word_1_343' title='bbox 321 2639 493 2695; x_wconf 79' lang='lat' dir='ltr'>Lingua</span> <span class='ocrx_word' id='word_1_344' title='bbox 524 2639 676 2682; x_wconf 84' lang='lat' dir='ltr'>horum</span> <span class='ocrx_word' id='word_1_345' title='bbox 696 2640 892 2682; x_wconf 89' lang='lat' dir='ltr'>codicum</span> <span class='ocrx_word' id='word_1_346' title='bbox 925 2640 1111 2682; x_wconf 86' lang='lat' dir='ltr'>omnium</span> <span class='ocrx_word' id='word_1_347' title='bbox 1141 2638 1462 2680; x_wconf 87' lang='lat' dir='ltr'>tribuendorum</span> <span class='ocrx_word' id='word_1_348' title='bbox 1495 2643 1569 2680; x_wconf 89' lang='lat' dir='ltr'>aut</span> <span class='ocrx_word' id='word_1_349' title='bbox 1600 2637 1771 2680; x_wconf 88' lang='lat' dir='ltr'>saeculo</span> <span class='ocrx_word' id='word_1_350' title='bbox 1793 2643 1946 2680; x_wconf 86' lang='lat' dir='ltr'>octavo</span> <span class='ocrx_word' id='word_1_351' title='bbox 1979 2644 2053 2681; x_wconf 86' lang='lat' dir='ltr'>aut</span> <span class='ocrx_word' id='word_1_352' title='bbox 2080 2654 2194 2682; x_wconf 89' lang='lat' dir='ltr'>nono</span> 
     </span>
     <span class='ocr_line' id='line_1_34' title="bbox 208 2710 2191 2770; baseline 0 -17"><span class='ocrx_word' id='word_1_353' title='bbox 208 2713 371 2754; x_wconf 85' lang='lat' dir='ltr'>ineunti</span> <span class='ocrx_word' id='word_1_354' title='bbox 396 2719 462 2755; x_wconf 86' lang='lat' dir='ltr'>est</span> <span class='ocrx_word' id='word_1_355' title='bbox 481 2728 563 2754; x_wconf 88' lang='lat' dir='ltr'>una</span> <span class='ocrx_word' id='word_1_356' title='bbox 580 2713 825 2770; x_wconf 82' lang='lat' dir='ltr'>eademque,</span> <span class='ocrx_word' id='word_1_357' title='bbox 848 2713 997 2756; x_wconf 88' lang='lat' dir='ltr'>formis</span> <span class='ocrx_word' id='word_1_358' title='bbox 1023 2712 1114 2755; x_wconf 88' lang='lat' dir='ltr'>suis</span> <span class='ocrx_word' id='word_1_359' title='bbox 1137 2719 1179 2754; x_wconf 87' lang='lat' dir='ltr'>et</span> <span class='ocrx_word' id='word_1_360' title='bbox 1199 2711 1358 2767; x_wconf 80' lang='lat' dir='ltr'>regulis</span> <span class='ocrx_word' id='word_1_361' title='bbox 1375 2711 1504 2753; x_wconf 89' lang='lat' dir='ltr'>certis</span> <span class='ocrx_word' id='word_1_362' title='bbox 1527 2711 1864 2766; x_wconf 86' lang='lat' dir='ltr'>circumscripta,</span> <span class='ocrx_word' id='word_1_363' title='bbox 1887 2710 2036 2767; x_wconf 84' lang='lat' dir='ltr'>lingua</span> <span class='ocrx_word' id='word_1_364' title='bbox 2048 2711 2191 2761; x_wconf 77' lang='lat' dir='ltr'>hiber-</span> 
     </span>
     <span class='ocr_line' id='line_1_35' title="bbox 210 2784 2194 2842; baseline 0.001 -16"><span class='ocrx_word' id='word_1_365' title='bbox 210 2787 307 2829; x_wconf 85' lang='lat' dir='ltr'>nica</span> <span class='ocrx_word' id='word_1_366' title='bbox 329 2791 510 2828; x_wconf 86' lang='lat' dir='ltr'>vetusta.</span> <span class='ocrx_word' id='word_1_367' title='bbox 565 2786 679 2830; x_wconf 82' lang='lat' dir='ltr'>Satis</span> <span class='ocrx_word' id='word_1_368' title='bbox 703 2792 864 2828; x_wconf 75' lang='lat' dir='ltr'>certum</span> <span class='ocrx_word' id='word_1_369' title='bbox 887 2793 930 2828; x_wconf 90' lang='lat' dir='ltr'>et</span> <span class='ocrx_word' id='word_1_370' title='bbox 950 2786 1222 2842; x_wconf 85' lang='lat' dir='ltr'>perspicuum</span> <span class='ocrx_word' id='word_1_371' title='bbox 1245 2791 1321 2837; x_wconf 81' lang='lat' dir='ltr'>est,</span> <span class='ocrx_word' id='word_1_372' title='bbox 1356 2784 1438 2826; x_wconf 88' lang='lat' dir='ltr'>iam</span> <span class='ocrx_word' id='word_1_373' title='bbox 1469 2784 1647 2840; x_wconf 87' lang='lat' dir='ltr'>pridem,</span> <span class='ocrx_word' id='word_1_374' title='bbox 1680 2798 1777 2826; x_wconf 90' lang='lat' dir='ltr'>cum</span> <span class='ocrx_word' id='word_1_375' title='bbox 1799 2791 1999 2840; x_wconf 88' lang='lat' dir='ltr'>quattuor</span> <span class='ocrx_word' id='word_1_376' title='bbox 2019 2784 2194 2828; x_wconf 84' lang='lat' dir='ltr'>dialecti</span> 
     </span>
     <span class='ocr_line' id='line_1_36' title="bbox 213 2857 2193 2916; baseline 0 -16"><span class='ocrx_word' id='word_1_377' title='bbox 213 2865 411 2915; x_wconf 84' lang='lat' dir='ltr'>quattuor</span> <span class='ocrx_word' id='word_1_378' title='bbox 442 2859 696 2915; x_wconf 84' lang='lat' dir='ltr'>populorum</span> <span class='ocrx_word' id='word_1_379' title='bbox 726 2859 1028 2916; x_wconf 80' lang='lat' dir='ltr'>principalium</span> <span class='ocrx_word' id='word_1_380' title='bbox 1061 2857 1301 2901; x_wconf 84' lang='lat' dir='ltr'>Hiberniae</span> <span class='ocrx_word' id='word_1_381' title='bbox 1334 2857 1503 2899; x_wconf 84' lang='lat' dir='ltr'>differre</span> <span class='ocrx_word' id='word_1_382' title='bbox 1535 2864 1577 2899; x_wconf 90' lang='lat' dir='ltr'>et</span> <span class='ocrx_word' id='word_1_383' title='bbox 1608 2857 1813 2914; x_wconf 86' lang='lat' dir='ltr'>distingui</span> <span class='ocrx_word' id='word_1_384' title='bbox 1847 2865 2082 2914; x_wconf 85' lang='lat' dir='ltr'>coeperunt</span> <span class='ocrx_word' id='word_1_385' title='bbox 2109 2865 2193 2901; x_wconf 86' lang='lat' dir='ltr'>tam</span> 
     </span>
     <span class='ocr_line' id='line_1_37' title="bbox 203 2931 2192 2988; baseline 0 -14"><span class='ocrx_word' id='word_1_386' title='bbox 203 2948 228 2974; x_wconf 83' lang='lat' dir='ltr'>a</span> <span class='ocrx_word' id='word_1_387' title='bbox 262 2947 309 2974; x_wconf 88' lang='lat' dir='ltr'>se</span> <span class='ocrx_word' id='word_1_388' title='bbox 341 2947 466 2988; x_wconf 85' lang='lat' dir='ltr'>quam</span> <span class='ocrx_word' id='word_1_389' title='bbox 498 2947 524 2974; x_wconf 86' lang='lat' dir='ltr'>a</span> <span class='ocrx_word' id='word_1_390' title='bbox 553 2931 806 2974; x_wconf 77' lang='lat' dir='ltr'>formatione</span> <span class='ocrx_word' id='word_1_391' title='bbox 837 2933 1009 2988; x_wconf 88' lang='lat' dir='ltr'>linguae</span> <span class='ocrx_word' id='word_1_392' title='bbox 1042 2931 1282 2974; x_wconf 80' lang='lat' dir='ltr'>communis</span> <span class='ocrx_word' id='word_1_393' title='bbox 1305 2931 1473 2985; x_wconf 83' lang='lat' dir='ltr'>prioris,</span> <span class='ocrx_word' id='word_1_394' title='bbox 1505 2931 1616 2973; x_wconf 80' lang='lat' dir='ltr'>lianc</span> <span class='ocrx_word' id='word_1_395' title='bbox 1647 2931 1862 2987; x_wconf 84' lang='lat' dir='ltr'>cognitam</span> <span class='ocrx_word' id='word_1_396' title='bbox 1882 2931 2192 2974; x_wconf 85' lang='lat' dir='ltr'>recentioribus</span> 
     </span>
     <span class='ocr_line' id='line_1_38' title="bbox 207 3003 2191 3061; baseline 0 -16"><span class='ocrx_word' id='word_1_397' title='bbox 207 3004 448 3046; x_wconf 87' lang='lat' dir='ltr'>hominibus</span> <span class='ocrx_word' id='word_1_398' title='bbox 481 3020 503 3046; x_wconf 85' lang='lat' dir='ltr'>e</span> <span class='ocrx_word' id='word_1_399' title='bbox 525 3005 649 3048; x_wconf 86' lang='lat' dir='ltr'>libris</span> <span class='ocrx_word' id='word_1_400' title='bbox 680 3006 876 3057; x_wconf 73' lang='lat' dir='ltr'>vetustis,</span> <span class='ocrx_word' id='word_1_401' title='bbox 910 3012 955 3047; x_wconf 85' lang='lat' dir='ltr'>ut</span> <span class='ocrx_word' id='word_1_402' title='bbox 984 3005 1153 3061; x_wconf 86' lang='lat' dir='ltr'>legibus</span> <span class='ocrx_word' id='word_1_403' title='bbox 1184 3004 1376 3059; x_wconf 69' lang='lat' dir='ltr'>aliisque„</span> <span class='ocrx_word' id='word_1_404' title='bbox 1412 3019 1437 3045; x_wconf 87' lang='lat' dir='ltr'>a</span> <span class='ocrx_word' id='word_1_405' title='bbox 1458 3004 1633 3046; x_wconf 91' lang='lat' dir='ltr'>nomine</span> <span class='ocrx_word' id='word_1_406' title='bbox 1664 3004 1804 3058; x_wconf 85' lang='lat' dir='ltr'>gentis</span> <span class='ocrx_word' id='word_1_407' title='bbox 1836 3003 2083 3047; x_wconf 84' lang='lat' dir='ltr'>vetustioris</span> <span class='ocrx_word' id='word_1_408' title='bbox 2103 3009 2191 3046; x_wconf 89' lang='lat' dir='ltr'>tum</span> 
     </span>
     <span class='ocr_line' id='line_1_39' title="bbox 204 3076 2191 3134; baseline 0.002 -19"><span class='ocrx_word' id='word_1_409' title='bbox 204 3078 502 3120; x_wconf 76' lang='lat' dir='ltr'>obsoleseente</span> <span class='ocrx_word' id='word_1_410' title='bbox 526 3078 810 3134; x_wconf 80' lang='lat' dir='ltr'>significatam</span> <span class='ocrx_word' id='word_1_411' title='bbox 842 3093 940 3121; x_wconf 88' lang='lat' dir='ltr'>esse</span> <span class='ocrx_word' id='word_1_412' title='bbox 976 3077 1322 3120; x_wconf 86' lang='lat' dir='ltr'>denominatione</span> <span class='ocrx_word' id='word_1_413' title='bbox 1347 3076 1477 3117; x_wconf 74' lang='lat' dir='ltr'>Be&#39;rla</span> <span class='ocrx_word' id='word_1_414' title='bbox 1499 3076 1620 3129; x_wconf 78' lang='lat' dir='ltr'>Fene,</span> <span class='ocrx_word' id='word_1_415' title='bbox 1654 3077 1827 3133; x_wconf 82' lang='lat' dir='ltr'>linguae</span> <span class='ocrx_word' id='word_1_416' title='bbox 1849 3077 1885 3119; x_wconf 92' lang='lat' dir='ltr'><strong>F</strong></span> <span class='ocrx_word' id='word_1_417' title='bbox 1889 3076 2090 3131; x_wconf 87' lang='lat' dir='ltr'>eniorum,</span> <span class='ocrx_word' id='word_1_418' title='bbox 2123 3076 2191 3120; x_wconf 84' lang='lat' dir='ltr'>vel</span> 
     </span>
     <span class='ocr_line' id='line_1_40' title="bbox 204 3150 2190 3207; baseline 0.001 -17"><span class='ocrx_word' id='word_1_419' title='bbox 204 3150 375 3192; x_wconf 78' lang='lat' dir='ltr'>dialecti</span> <span class='ocrx_word' id='word_1_420' title='bbox 406 3150 642 3194; x_wconf 78' lang='lat' dir='ltr'>fenianae.*</span> <span class='ocrx_word' id='word_1_421' title='bbox 701 3152 753 3194; x_wconf 84' lang='lat' dir='ltr'>Iu</span> <span class='ocrx_word' id='word_1_422' title='bbox 784 3150 1089 3207; x_wconf 83' lang='lat' dir='ltr'>orthographia</span> <span class='ocrx_word' id='word_1_423' title='bbox 1130 3156 1296 3192; x_wconf 88' lang='lat' dir='ltr'>tantum</span> <span class='ocrx_word' id='word_1_424' title='bbox 1334 3150 1684 3192; x_wconf 83' lang='lat' dir='ltr'>animadvertitur</span> <span class='ocrx_word' id='word_1_425' title='bbox 1714 3150 1899 3193; x_wconf 85' lang='lat' dir='ltr'>varietas</span> <span class='ocrx_word' id='word_1_426' title='bbox 1938 3150 2081 3206; x_wconf 79' lang='lat' dir='ltr'>aliqua</span> <span class='ocrx_word' id='word_1_427' title='bbox 2116 3164 2190 3192; x_wconf 89' lang='lat' dir='ltr'>ve-</span> 
     </span>
    </p>
   </div>
   <div class='ocr_carea' id='block_1_3' title="bbox 194 3336 2187 3502">
    <p class='ocr_par' dir='ltr' id='par_1_6' title="bbox 194 3336 2187 3502">
     <span class='ocr_line' id='line_1_41' title="bbox 289 3336 2187 3384; baseline -0.002 -6"><span class='ocrx_word' id='word_1_428' title='bbox 289 3343 305 3357; x_wconf 67' lang='lat'><em>*</em></span> <span class='ocrx_word' id='word_1_429' title='bbox 339 3345 549 3378; x_wconf 69' lang='lat' dir='ltr'>Memor-atur</span> <span class='ocrx_word' id='word_1_430' title='bbox 582 3343 617 3375; x_wconf 78' lang='lat' dir='ltr'>in</span> <span class='ocrx_word' id='word_1_431' title='bbox 651 3341 776 3376; x_wconf 82' lang='lat' dir='ltr'>Annal.</span> <span class='ocrx_word' id='word_1_432' title='bbox 800 3342 860 3375; x_wconf 68' lang='grc' dir='ltr'>Π.</span> <span class='ocrx_word' id='word_1_433' title='bbox 896 3340 1049 3384; x_wconf 77' lang='lat' dir='ltr'>magistr.</span> <span class='ocrx_word' id='word_1_434' title='bbox 1081 3341 1123 3375; x_wconf 75' lang='lat' dir='ltr'>ad</span> <span class='ocrx_word' id='word_1_435' title='bbox 1157 3351 1187 3374; x_wconf 83' lang='lat' dir='ltr'>a.</span> <span class='ocrx_word' id='word_1_436' title='bbox 1213 3342 1280 3374; x_wconf 82' lang='lat'>935</span> <span class='ocrx_word' id='word_1_437' title='bbox 1312 3352 1368 3384; x_wconf 77' lang='lat' dir='ltr'>ap.</span> <span class='ocrx_word' id='word_1_438' title='bbox 1405 3340 1531 3374; x_wconf 79' lang='lat' dir='ltr'>O&#39;Gon.</span> <span class='ocrx_word' id='word_1_439' title='bbox 1562 3343 1601 3379; x_wconf 80' lang='lat'>3,</span> <span class='ocrx_word' id='word_1_440' title='bbox 1624 3342 1712 3373; x_wconf 77' lang='lat'>461:</span> <span class='ocrx_word' id='word_1_441' title='bbox 1750 3336 1951 3374; x_wconf 50' lang='lat' dir='ltr'>Iffinnacltta</span> <span class='ocrx_word' id='word_1_442' title='bbox 1982 3349 2047 3373; x_wconf 74' lang='lat' dir='ltr'>me.</span> <span class='ocrx_word' id='word_1_443' title='bbox 2082 3339 2187 3374; x_wconf 82' lang='lat' dir='ltr'>Ueall.</span> 
     </span>
     <span class='ocr_line' id='line_1_42' title="bbox 195 3395 2187 3444; baseline -0.002 -10"><span class='ocrx_word' id='word_1_444' title='bbox 195 3399 383 3434; x_wconf 66' lang='lat' dir='ltr'>condiat-ba,</span> <span class='ocrx_word' id='word_1_445' title='bbox 413 3399 521 3434; x_wconf 70' lang='lat' dir='ltr'>Deire·</span> <span class='ocrx_word' id='word_1_446' title='bbox 545 3410 614 3444; x_wconf 75' lang='lat' dir='ltr'>esp.</span> <span class='ocrx_word' id='word_1_447' title='bbox 641 3402 659 3431; x_wconf 86' lang='lat'><strong>7</strong></span> <span class='ocrx_word' id='word_1_448' title='bbox 691 3399 768 3432; x_wconf 57' lang='lat' dir='ltr'>suoi</span> <span class='ocrx_word' id='word_1_449' title='bbox 792 3397 913 3431; x_wconf 81' lang='lat' dir='ltr'>berla</span> <span class='ocrx_word' id='word_1_450' title='bbox 939 3395 1049 3431; x_wconf 74' lang='lat' dir='ltr'>Fene</span> <span class='ocrx_word' id='word_1_451' title='bbox 1079 3397 1328 3437; x_wconf 75' lang='lat' dir='ltr'>(Finuachtaus</span> <span class='ocrx_word' id='word_1_452' title='bbox 1362 3398 1384 3432; x_wconf 78' lang='lat' dir='ltr'>f.</span> <span class='ocrx_word' id='word_1_453' title='bbox 1417 3396 1573 3431; x_wconf 85' lang='lat' dir='ltr'>Cellachi</span> <span class='ocrx_word' id='word_1_454' title='bbox 1607 3397 1758 3430; x_wconf 82' lang='lat' dir='ltr'>vicarius</span> <span class='ocrx_word' id='word_1_455' title='bbox 1793 3396 1971 3430; x_wconf 82' lang='lat' dir='ltr'>Derrensis</span> <span class='ocrx_word' id='word_1_456' title='bbox 2005 3395 2187 3441; x_wconf 77' lang='lat' dir='ltr'>episcopus</span> 
     </span>
     <span class='ocr_line' id='line_1_43' title="bbox 194 3454 2186 3502; baseline -0.002 -11"><span class='ocrx_word' id='word_1_457' title='bbox 194 3462 228 3491; x_wconf 73' lang='lat' dir='ltr'>et</span> <span class='ocrx_word' id='word_1_458' title='bbox 263 3458 400 3502; x_wconf 74' lang='lat' dir='ltr'>sapiens</span> <span class='ocrx_word' id='word_1_459' title='bbox 435 3457 470 3492; x_wconf 80' lang='lat' dir='ltr'>iu</span> <span class='ocrx_word' id='word_1_460' title='bbox 504 3458 622 3500; x_wconf 78' lang='lat' dir='ltr'>lingua</span> <span class='ocrx_word' id='word_1_461' title='bbox 647 3455 862 3497; x_wconf 82' lang='lat' dir='ltr'>Feniorum),</span> <span class='ocrx_word' id='word_1_462' title='bbox 899 3455 1047 3499; x_wconf 81' lang='lat' dir='ltr'>scriptor</span> <span class='ocrx_word' id='word_1_463' title='bbox 1075 3455 1207 3488; x_wconf 79' lang='lat' dir='ltr'>celeber</span> <span class='ocrx_word' id='word_1_464' title='bbox 1236 3455 1336 3488; x_wconf 68' lang='lat' dir='ltr'>credo</span> <span class='ocrx_word' id='word_1_465' title='bbox 1365 3454 1398 3487; x_wconf 79' lang='lat' dir='ltr'>iu</span> <span class='ocrx_word' id='word_1_466' title='bbox 1424 3454 1537 3497; x_wconf 85' lang='lat' dir='ltr'>patria</span> <span class='ocrx_word' id='word_1_467' title='bbox 1576 3454 1712 3499; x_wconf 83' lang='lat' dir='ltr'>lingua.</span> <span class='ocrx_word' id='word_1_468' title='bbox 1764 3454 1858 3488; x_wconf 78' lang='lat' dir='ltr'>Alias</span> <span class='ocrx_word' id='word_1_469' title='bbox 1889 3454 2039 3487; x_wconf 74' lang='lat' dir='ltr'>occurrit</span> <span class='ocrx_word' id='word_1_470' title='bbox 2062 3463 2186 3488; x_wconf 85' lang='lat' dir='ltr'>nomen</span> 
     </span>
    </p>
   </div>
  </div>
 </body>
</html>
