2336 3736
849 261 1105 292 PRAEFATxo
1135 261 1372 292 Anc'roms.
1594 250 1777 290 (XXVIII.
1795 251 1936 292 XXIX)
1984 250 2098 293 XXI

135 373 207 415 hic
234 372 455 415 Hibernus
486 379 603 414 certe
633 372 759 414 etiam
786 371 1080 429 Wirziburgi,
1112 372 1308 429 quamvis
1338 374 1467 415 breve
1496 380 1689 429 tempus,
1730 379 1772 416 et
1811 375 2009 416 sacerdos
2043 374 2099 415 ibi

139 451 414 488 consecratus
446 450 522 496 est,
555 450 601 486 ut
627 444 673 486 in
703 445 904 489 chronico
936 460 1013 489 suo
1044 446 1099 488 ad
1130 461 1166 487 a.
1201 447 1308 488 1059
1339 446 1431 502 ipse
1462 453 1641 488 testatur
1671 446 1832 500 (Pertz.
1866 449 1903 500 7,
1926 448 2042 501 558).

252 518 353 560 Fuit
382 533 510 573 porro
549 524 592 560 et
622 518 781 559 diutius
817 516 1092 574 Wirziburgi,
1134 524 1178 560 et
1206 525 1304 560 ante
1334 519 1645 561 institutionem
1675 520 1920 562 monasterii
1952 520 2102 562 Scoto-

137 606 243 644 rum,
276 591 341 632 vir
371 590 522 633 doctus
551 590 773 633 Hibernus
801 590 1008 645 Davides,
1040 591 1092 632 de
1120 591 1248 633 rebus
1280 591 1548 633 scholasticis
1578 592 1767 645 meritus,
1798 593 2000 637 historiae
2031 608 2101 634 ex-

139 663 371 720 peditiom's
401 662 621 706 Romanae
653 664 704 706 ab
734 663 926 705 Henrico
957 663 998 704 V
1025 663 1164 706 factae
1196 663 1318 706 annis
1354 666 1457 705 1111
1494 671 1535 706 et
1568 667 1673 706 1112
1714 666 1907 721 scriptor.
1968 665 2103 707 Periit

137 735 312 792 quidem
343 736 435 778 eius
465 736 587 788 liber,
622 736 696 778 sed
730 742 955 792 excerptus
986 743 1052 778 est
1080 743 1165 778 tam
1196 752 1221 778 a
1250 736 1466 779 Willelmo
1487 736 1862 781 Malmesburiensi
1894 754 2020 794 quam
2049 739 2101 780 ab

135 808 403 862 Eckehardo,
437 810 509 864 qui
540 808 733 865 aequalis
765 815 807 851 et
835 809 929 865 ipse
949 808 1180 852 historicus
1210 810 1394 865 insignis
1423 809 1506 851 hoc
1537 811 1587 852 de
1611 826 1660 852 eo
1691 811 1981 853 testimonium
2008 812 2103 854 red-

137 882 200 924 dit
228 881 389 937 (Pertz.
422 883 460 935 8,
484 881 607 936 ⁶243):
657 876 928 923 ‘Providerat
955 897 1033 924 rex
1063 897 1110 925 se
1140 898 1229 924 non
1259 883 1395 924 solum
1426 872 1598 925 ‘armatis
1637 884 1712 925 sed
1742 885 1868 925 etiam
1904 884 2102 926 litteratis

139 954 243 996 viris
273 953 520 1003 necessario
556 954 725 996 muniri.
791 953 910 996 Inter
946 969 1053 1010 quos
1084 955 1236 996 claruit
1273 955 1441 1011 quidam
1473 954 1703 1011 Scotigena
1739 957 1909 998 nomine
1945 956 2102 1009 David,

142 1041 268 1083 quem
301 1027 488 1069 dudum
518 1026 696 1069 scolas
730 1026 1035 1070 Wirciburc
1064 1034 1332 1083 regentem
1369 1042 1445 1084 pro
1476 1043 1636 1070 morum
1666 1029 1877 1084 probitate
1907 1031 2105 1086 omnique

139 1100 382 1143 liberalium
413 1100 566 1142 artium
597 1100 752 1156 peritia
779 1115 856 1142 rex
887 1100 970 1143 sibi
1000 1100 1269 1156 capellanum
1298 1100 1542 1156 assumpsit.
1602 1100 1689 1143 Hic
1718 1101 1861 1157 itaque
1899 1103 2043 1145 iussus
2082 1118 2107 1145 a

136 1188 238 1230 rege
269 1178 401 1215 totam
430 1172 557 1214 huius
588 1172 878 1229 expeditionis
909 1173 1061 1216 seriem
1091 1188 1318 1229 rerumque
1347 1174 1392 1215 in
1411 1173 1487 1216 illa
1516 1179 1730 1229 gestarum
1761 1175 1857 1217 stilo
1887 1175 2004 1217 facili
2033 1176 2107 1217 tri-

137 1247 216 1289 bus
247 1245 370 1289 libris
401 1240 607 1302 digessit.³
667 1244 780 1288 Eum
808 1252 962 1303 postea
987 1246 1241 1289 monachum
1269 1246 1425 1289 factum
1454 1261 1552 1289 esse
1582 1248 1661 1291 sub
1691 1246 1904 1301 Macario,
1943 1248 2108 1291 Trithe-

134 1319 246 1362 mius
274 1318 406 1361 tradit
438 1317 599 1373 (Pertz.
628 1319 668 1371 8,
695 1320 760 1372 11,
790 1325 878 1361 not.
903 1320 990 1374 15).

252 1391 419 1434 Horum
449 1405 560 1433 unus
593 1391 812 1435 doctorum
841 1391 1134 1436 Hibernorum
1163 1391 1356 1435 codicem
1384 1391 1612 1435 Paulinum
1644 1408 1698 1436 ex
1717 1393 1928 1437 Hibernia
1958 1394 2107 1436 attule-

134 1464 202 1509 rit.
265 1464 394 1508 Addo
424 1470 570 1507 tamen
600 1464 670 1507 his
700 1465 909 1518 omnibus,
942 1465 1055 1522 quod
1085 1466 1129 1508 in
1149 1466 1292 1508 indice
1323 1465 1486 1508 saeculi
1513 1467 1616 1509 noni
1645 1468 1878 1509 vetustiore
1907 1467 2108 1509 librorum

140 1537 389 1580 monasterii
420 1535 463 1581 S.
497 1536 614 1581 Galli
643 1538 755 1580 inter
784 1539 916 1581 libros
947 1539 1127 1581 scottice
1158 1539 1342 1595 scriptos
1374 1545 1601 1581 occurrunt
1640 1533 1881 1595 ‘Epistolae
1909 1539 2036 1582 Pauli
2063 1539 2109 1580 in

138 1609 220 1652 vol.
253 1605 298 1654 Ι.)
365 1609 454 1665 (Cf.
482 1609 758 1654 Weidmanm‘
789 1611 904 1654 Hist.
938 1611 1130 1655 biblioth.
1165 1609 1209 1654 S.
1243 1611 1359 1655 Galli
1389 1627 1431 1668 p.
1463 1613 1566 1664 364,
1609 1618 1650 1654 et
1679 1613 1842 1656 Kelleri
1873 1611 2107 1656 Comment.

135 1683 197 1728 de-
220 1683 342 1726 codd.
374 1683 607 1726 hibernicis
644 1684 688 1726 in
717 1683 922 1727 Helvetia
963 1684 1215 1737 asservatis,
1253 1685 1299 1726 in
1330 1685 1600 1742 ephemeride
1629 1686 1859 1738 inscripta:
1901 1680 2107 1728 ‘Mitthei-

138 1757 300 1812 lungen
341 1756 417 1799 der
447 1756 795 1813 antiquarischen
824 1757 1051 1814 gesellsch.
1090 1757 1137 1800 in.
1166 1752 1355 1811 Zfirich',
1396 1759 1526 1811 1851,
1566 1759 1610 1801 in
1642 1767 1740 1802 tom.
1766 1758 1860 1802 VII.
1891 1759 1994 1802 fasc.
2025 1758 2108 1802 III.

134 1829 179 1871 in
211 1829 422 1884 exordio).

253 1902 405 1946 Codex
436 1903 597 1946 saeculi
626 1903 731 1946 noni
765 1904 835 1946 vel
857 1904 1013 1947 decimi
1046 1905 1200 1949 dicitur
1220 1905 1356 1947 codex
1376 1904 1584 1948 Paulinus
1610 1905 1974 1962 Wirziburgensis
1994 1905 2109 1949 Eck-

132 1976 256 2018 harto
289 1976 335 2018 in
364 1976 460 2019 loco
493 1988 625 2031 supra
656 1977 796 2029 allato,
830 1978 993 2020 saeculi
1023 1978 1138 2029 noni,
1172 1978 1333 2020 saeculi
1353 1978 1441 2021 fere
1464 1979 1629 2031 decimi,
1665 1985 1707 2020 et
1728 1979 2010 2022 bibliothecae
2041 1994 2109 2022 ec-

134 2049 294 2092 clesiae
326 2049 581 2092 cathedralis
620 2048 666 2091 in
697 2049 793 2092 aliis
826 2050 885 2105 (1,
918 2051 1013 2092 272.
1044 2051 1160 2106 847).
1224 2050 1309 2093 Sed
1339 2058 1427 2093 tam
1457 2052 1604 2108 lingua
1644 2067 1768 2109 quam
1805 2053 2015 2110 scriptura
2045 2060 2108 2095 esf

135 2122 297 2174 eadem,
331 2137 443 2179 quae
475 2123 640 2166 obtinet
667 2123 713 2164 in
743 2123 892 2166 codice
921 2123 1252 2178 Mediolanensi,
1285 2139 1383 2166 cum
1402 2124 1613 2168 Prisciani
1649 2125 1942 2181 Sangallensis
1975 2126 2109 2169 codex

133 2209 375 2251 congruens
405 2195 451 2237 in
481 2210 645 2238 summa
681 2196 916 2252 peculiaria
945 2198 1153 2254 quaedam
1183 2198 1352 2250 offerat3
1402 2213 1425 2240 e
1457 2199 1660 2241 societate
1706 2199 1857 2242 horum
1903 2199 2112 2254 codicum,

135 2284 241 2325 quos
272 2269 354 2311 viri
385 2269 499 2311 docti
531 2270 703 2326 quidam
736 2269 908 2313 saeculo
941 2276 1092 2313 octavo
1114 2271 1411 2324 attribuerunt,
1444 2271 1637 2314 abstrahi
1668 2273 1839 2315 omnino
1861 2288 1948 2316 non
1970 2274 2111 2316 debet·

249 2344 287 2385 3.
331 2341 482 2385 Codex
510 2340 851 2386 Mediolanensis
884 2343 1167 2387 bibliothecae
1192 2344 1508 2388 Ambrosianae
1538 2345 1785 2399 (distinctus
1814 2353 1916 2389 nota
1947 2346 1996 2389 C.
2015 2348 2108 2399 301,

135 2429 160 2456 a
189 2430 255 2458 me
276 2414 432 2457 litteris
453 2413 569 2470 Ml),
604 2415 846 2471 glossarum
876 2417 1031 2460 molem
1063 2417 1289 2460 continens
1330 2434 1417 2461 non
1447 2419 1651 2461 minorem
1684 2435 1735 2462 ea
1764 2435 1888 2476 quam
1921 2420 2111 2463 continet

136 2488 331 2531 codicum
360 2494 460 2531 ante
493 2488 703 2531 dictorum
734 2489 931 2546 quisque.
990 2489 1103 2532 Eum
1132 2490 1178 2532 in
1208 2490 1513 2534 bibliothecam
1543 2492 1874 2536 Ambrosianam
1907 2508 1930 2536 e
1959 2509 2111 2536 mona-

137 2561 268 2603 sterio
298 2560 508 2604 Bobiensi
538 2561 791 2604 translatum
824 2578 934 2618 esse,
966 2564 1097 2605 tradit
1125 2563 1278 2606 notitia
1308 2564 1352 2606 in
1381 2565 1520 2608 ftonte
1551 2565 1713 2608 codicis
1744 2566 1920 2608 haecce:
1965 2562 2112 2609 ‘Hunc

137 2633 328 2677 codicem
359 2635 760 2678 commentariorum
792 2635 837 2680 S.
868 2635 1123 2692 Hieronymi
1152 2637 1197 2678 in
1230 2637 1440 2693 psalmos,
1479 2638 1753 2694 longobardis
1795 2639 2111 2682 characteribus

136 2706 425 2763 conscriptum
462 2722 514 2750 ac
548 2708 664 2750 notis
706 2708 787 2750 viri
826 2709 940 2752 docti
979 2709 1254 2766 adspersum,
1303 2710 1411 2753 scito
1451 2726 1503 2753 ex
1542 2711 1804 2755 bibliotheca
1841 2712 1968 2754 Bobii
2006 2728 2031 2754 a
2068 2712 2110 2755 S.

137 2778 402 2822 columbano
443 2781 642 2823 instituta
680 2781 893 2838 prodiisse
934 2797 986 2825 ac
1021 2783 1143 2826 Rmo.
1185 2781 1404 2827 Cardinali
1441 2782 1476 2824 F
1481 2784 1650 2828 ederico
1690 2785 1968 2834 Borromae0‚
2013 2787 2111 2827 dum

138 2852 470 2896 Ambrosianam
508 2852 810 2896 bibliothecam
841 2855 1075 2898 Mediolani
1112 2856 1362 2909 instrueret,
1406 2856 1536 2898 libros
1576 2858 1888 2914 manuscriptos
1927 2859 2111 2914 undique

138 2925 430 2981 conquireret,
469 2941 494 2968 a
530 2926 871 2983 religiosissimis
912 2928 955 2972 S.
987 2929 1212 2972 Benedicti
1252 2929 1445 2985 patribus
1485 2945 1660 2973 munere
1700 2932 1890 2974 vicissim
1927 2933 1979 2973 ab
2016 2932 2111 2987 ipso

139 3053 226 3088 hunc
252 3053 377 3088 libo-um
397 3066 467 3101 pro
494 3056 642 3091 caritate
667 3056 730 3090 tibi
753 3062 784 3091 et
805 3059 909 3092 scotis
936 3059 1085 3092 manibus
1113 3057 1150 3092 id
1172 3063 1221 3092 est
1244 3057 1492 3093 hibernensibus
1516 3061 1576 3106 qm?
1598 3071 1670 3094 sum
1688 3061 1758 3105 ipse
1774 3060 1986 3095 hibernensis.
2024 3062 2114 3096 Mors

139 3111 228 3156 regis
260 3110 437 3146 Diarmitii
464 3112 502 3146 in
533 3112 693 3148 chronico
718 3114 861 3148 Mariani
902 3114 944 3148 ad
975 3126 1005 3148 a,
1034 3118 1120 3148 1072
1153 3115 1336 3149 indicatur.
1385 3116 1505 3150 Altera
1536 3118 1667 3151 notatio
1699 3118 1734 3150 in
1762 3121 1834 3150 67⁵:
1868 3116 2020 3151 lSolJemz
2045 3117 2112 3152 dinc

139 3166 237 3202 indiv
264 3167 461 3212 a'me'lbriyte
484 3168 656 3203 clvsena'ir
681 3169 849 3204 diamairt
873 3169 934 3204 .II.
952 3170 997 3205 kl.
1017 3182 1094 3216 avy.
1115 3169 1370 3206 Maniderntais
1393 3173 1533 3207 scoloca
1555 3173 1763 3207 manestreeh
1780 3174 1946 3208 mam-itm
1962 3174 2113 3219 braflacc

139 3223 261 3258 dama
276 3224 490 3269 sorlebenm'b
516 3226 619 3271 intiye
642 3226 795 3260 coitcenn
817 3229 882 3268 (est
907 3228 1033 3262 laetum
1059 3228 1158 3262 nobis
1184 3228 1296 3267 hodie,
1321 3239 1341 3262 o
1365 3228 1565 3274 Maelbrigte
1591 3230 1732 3264 incluse.
1760 3232 1815 3264 die
1840 3231 1958 3264 Mariis
1984 3231 2017 3265 Π
2042 3232 2111 3266 Cal.

139 3280 228 3326 Aug.
283 3281 359 3315 Nisi
383 3282 535 3316 facerent
568 3284 657 3317 servi
689 3285 885 3318 monasterii
911 3285 1111 3319 Mauritiani
1144 3285 1383 3329 colaphumce)
1417 3286 1500 3319 mihi
1533 3287 1570 3319 in
1603 3286 1750 3319 circuitu
1789 3289 1872 3320 teeti
1904 3290 2110 3327 communi&

142 3337 253 3383 pergit
284 3338 367 3372 item
400 3338 545 3380 latinez)
580 3344 617 3373 ut
649 3339 759 3374 cecide?
781 3351 857 3373 cum
882 3340 1006 3374 tabulis
1032 3342 1068 3374 in
1083 3341 1197 3386 flando
1221 3343 1394 3376 stercoris.
1420 3341 1479 3376 sed
1498 3343 1634 3385 qratlsw
1660 3354 1724 3386 ayo
1748 3354 1807 3377 nec
1831 3355 1957 3377 mersus
1982 3356 2055 3377 sum
2079 3345 2113 3376 7'11.

140 3399 290 3428 stercore
297 3394 519 3439 francorum.
544 3395 605 3429 secl
629 3401 740 3430 tamen
764 3408 825 3431 oro
843 3396 1004 3431 discentes
1031 3403 1065 3431 ut
1090 3398 1167 3432 (lenc
1189 3398 1460 3434 maledictionem
1486 3399 1565 3433 illis.
1607 3399 1729 3433 videas
1754 3400 1979 3435 imitationem
2006 3403 2107 3445 scrip-

141 3453 239 3485 turae
262 3462 317 3496 ap.
344 3452 461 3486 Perta¹
481 3455 512 3493 7,
538 3453 575 3486 in
600 3453 719 3488 tabula
743 3454 864 3488 addita
887 3456 929 3488 ad
956 3465 987 3498 p.
1007 3459 1087 3489 451.

1823 3524 1842 3557 b
