2336 3736
275 309 359 351 948
389 309 482 349 (925)
734 305 811 348 VI.
843 306 882 348 2.
933 314 1255 348 oonsrnnorxo
1283 315 1480 346 pennoti
1513 315 1771 347 erasmum.

276 448 391 485 tusto
424 442 574 484 codice
604 439 814 484 Vaticano
845 438 1031 495 (saeculi
1060 438 1191 482 ferme
1221 438 1394 492 decimi,
1427 438 1695 495 antiquorum
1726 444 1963 495 poematum
1993 435 2144 492 pleno)
2183 451 2250 491 ap.

273 511 329 552 A.
358 509 475 562 Mai,
504 509 632 551 Auct.
665 506 805 551 Class.
838 508 877 560 5,
909 507 994 549 405
1025 521 1088 562 sq.
1148 504 1208 549 Et
1236 521 1279 562 p.
1309 506 1406 548 412.
1436 504 1491 548 V.
1543 507 1614 548 Ad
1645 505 1846 548 eundem:

614 585 619 631 Ι
650 585 807 634 Charta,
839 585 844 632 Ι
875 584 1032 623 Christo
1060 583 1065 627 l
1097 584 1250 634 comite,
1279 583 1298 630 Η
1325 596 1397 634 per
1424 584 1578 623 telluris
1607 587 1767 634 spatium

611 649 661 686 ad
691 650 696 696 i
727 648 906 686 Caesaris
934 647 1085 698 regium
1113 644 1132 690 Η
1161 660 1265 686 nunc
1294 652 1299 698 Ι
1329 659 1448 697 perge
1477 648 1488 685 Ξλ
1513 647 1706 697 palatium.

612 711 688 749 Fer
717 713 722 759 1
753 711 918 750 salutem
947 709 1106 749 Caesari
1135 709 1152 756 Η
1182 723 1228 748 ac
1257 711 1261 755 !
1293 709 1374 747 suis
1401 710 1627 760 agminibus,

612 774 790 824 gloriosis
818 774 950 825 pueris
980 771 1002 819 Η
1031 772 1035 815 ἰ
1064 773 1260 823 sacrisque
1286 773 1504 822 virginibus.

612 836 688 874 Via
717 837 722 884 Ι
753 849 918 887 pergens
950 838 954 880 Ι
985 847 1172 887 prospera.
1201 838 1218 885 Η
1247 847 1319 885 per
1344 833 1494 872 Christi
1523 835 1706 883 suffr-aym

614 898 620 942 Ι
650 911 774 950 prona
800 912 930 938 coram
957 899 1124 937 Caesare
1155 899 1172 944 Η
1203 897 1322 935 verba
1347 897 1456 935 dicas
1483 899 1588 935 talia.
1627 930 1634 936 .

612 961 698 1010 Dic,
725 967 770 1003 ut
798 961 804 1008 Ι
834 962 979 1001 Caesar
1008 960 1012 1005 ί
1042 960 1209 998 Karolus
1239 959 1255 1005 Η
1288 958 1294 1005 Ι
1323 960 1475 1010 perpeti
1507 961 1512 1006 1
1544 963 1744 1011 praeconio

612 1027 663 1064 sit,
691 1038 819 1074 sanus,
850 1025 933 1075 [sit]
964 1024 1187 1074 longaevus,
1219 1023 1235 1068 Η
1265 1023 1316 1061 sit
1346 1022 1350 1065 Ι
1379 1022 1474 1061 felix
1504 1024 1679 1061 victorio.

613 1091 617 1136 j
651 1088 738 1137 Dic,
766 1092 949 1138 regnator
975 1087 1148 1124 omnium
1178 1094 1196 1138 Η
1227 1089 1233 1132 ί
1262 1085 1330 1124 det
1358 1090 1363 1134 Ι
1393 1086 1468 1123 sibi
1499 1087 1504 1132 1
1533 1088 1757 1131 subsidiwu,

615 1158 618 1202 j
650 1153 850 1199 confortet,
881 1157 885 1202 ᾗ
917 1150 1120 1197 custodiat,
1151 1153 1168 1201 Η
1204 1150 1209 1192 ξ
1238 1147 1376 1187 dilatet
1402 1148 1616 1199 imperium.

612 1214 697 1263 Dic,
725 1218 769 1253 ut
800 1218 804 1263 ι
832 1212 960 1250 fautor
991 1214 996 1258 Ι
1025 1212 1153 1251 fuerat
1182 1214 1199 1261 Η
1228 1209 1343 1248 iustis
1372 1211 1377 1258 ἱ
1406 1210 1482 1249 rite
1511 1213 1516 1258 l
1546 1212 1707 1261 reqibus,

613 1283 618 1328 ξ
647 1277 716 1316 fiat
748 1280 755 1327 Ι
782 1275 962 1314 Christus
992 1275 997 1322 Ι
1027 1274 1170 1313 Karolo
1199 1278 1217 1325 Η
1245 1285 1291 1311 ac
1319 1271 1394 1311 sibi
1423 1271 1429 1317 Ι
1458 1273 1636 1328 fidelibus.

612 1340 700 1389 Dic,
728 1338 878 1396 regales
907 1337 913 1385 Ι
943 1338 1057 1390 pueri
1086 1336 1103 1384 Η
1132 1349 1204 1388 per
1233 1334 1238 1380 ἰ
1269 1335 1423 1387 prolixa
1450 1339 1573 1387 spatia

611 1403 689 1441 sint
718 1402 722 1445 Ι
754 1402 850 1451 sani,
880 1401 960 1441 sint
986 1400 1179 1451 longaevi,
1213 1401 1228 1447 Η
1259 1400 1267 1446 Ι
1297 1399 1499 1438 salvatoris
1526 1400 1658 1448 gratia.

611 1465 699 1505 Sint
725 1477 888 1503 coronae
914 1464 1047 1514 regiae
1078 1460 1094 1507 Η
1118 1460 1123 1507 Ι
1154 1461 1278 1512 digni,
1308 1462 1312 1509 ἰ
1345 1461 1419 1510 dic,
1448 1461 1666 1508 honoribus,

612 1527 617 1572 1
648 1528 780 1566 felices
808 1540 853 1565 ac
883 1526 888 1570 ξ
918 1527 1085 1565 victores
1113 1525 1131 1570 Η
1163 1524 1349 1576 genitoris
1376 1524 1558 1562 moribus.

611 1590 824 1641 Regalibus
850 1590 1007 1641 puellis,
1040 1586 1057 1633 Η
1086 1587 1162 1636 dic,
1190 1589 1259 1625 fiat
1287 1592 1292 1639 Ι
1322 1587 1541 1636 sublimitas,

612 1653 673 1697 {sit
702 1654 706 1699 Ι
736 1658 881 1701 sancta,
911 1653 961 1691 sit
990 1656 995 1703 1
1025 1651 1166 1700 sobria,
1194 1655 1212 1705 Η
1243 1650 1295 1688 sit
1323 1652 1328 1696 ί
1359 1663 1448 1689 vera
1478 1650 1483 1697 Ι
1513 1650 1720 1700 virginitas.

645 1716 825 1756 Christus
853 1721 959 1755 amat
987 1714 992 1761 ξ
1024 1714 1195 1765 virgines
1226 1716 1242 1763 Η
1272 1717 1429 1764 propter
1459 1719 1463 1763 ᾗ
1494 1713 1767 1760 castimommn,

610 1780 678 1820 dat
703 1780 783 1819 illis
810 1792 926 1829 quam
953 1777 1187 1830 promiserat
1213 1777 1304 1829 (leg.
1334 1776 1427 1826 -it?)
1458 1779 1474 1825 Η
1504 1776 1544 1813 iu
1574 1774 1578 1818 ἱ
1609 1775 1737 1813 futuro
1766 1774 1933 1824 glor-iam.

609 1852 615 1899 ς
647 1843 736 1892 Dic,
766 1847 943 1893 protegat
973 1845 977 1889 Ι
1010 1841 1190 1880 dominus
1221 1840 1239 1885 Η
1268 1840 1324 1878 sic
1351 1838 1519 1877 Francos
1547 1841 1760 1886 armiqeros,

611 1919 753 1958 regem,
787 1912 792 1957 ᾗ
822 1904 980 1953 clerum,
1012 1902 1018 1946 Ι
1049 1903 1222 1950 comites,
1253 1910 1268 1954 Η
1301 1901 1447 1939 milites
1474 1900 1682 1951 belliyeros.

609 1969 703 2008 Post
727 1968 837 2016 haec,
867 1979 872 2019 ᾗ
906 1967 1051 2015 charta,
1083 1972 1087 2016 1
1118 1965 1325 2005 Caesarem
1355 1972 1370 2015 Η
1401 1968 1533 2015 rogato
1563 1976 1568 2017 4
1601 1967 1790 2012 contiuuo,

611 2033 661 2071 de
692 2041 698 2086 ι
727 2044 788 2070 me
819 2037 825 2083 ᾖ
856 2028 1003 2068 Christi
1032 2029 1187 2068 servulo
1218 2036 1234 2079 Η
1266 2028 1317 2065 sit
1346 2034 1349 2079 Ι
1381 2039 1529 2064 memor
1557 2030 1706 2076 exiguo.

383 2108 513 2151 Metri
569 2106 830 2159 usitatioris,
885 2119 980 2148 cum
1031 2102 1312 2147 consonantia
1353 2101 1598 2158 copulativa
1641 2101 1888 2158 trisyllaba,
1944 2104 2134 2159 perfecta
2180 2111 2252 2146 aut

272 2176 531 2233 imperfecta.
634 2224 637 2226 ‚

381 2244 433 2286 In
479 2244 628 2287 eodem
664 2248 778 2284 tomo
808 2256 835 2283 a
873 2254 970 2296 pag.
1007 2240 1092 2282 426
1129 2237 1334 2282 Iohannis
1374 2235 1493 2280 Scoti
1534 2237 1739 2289 carmina,
1794 2237 1978 2280 disticha
2015 2239 2083 2281 vel
2121 2239 2249 2281 hexa-

270 2319 412 2364 metra,
446 2312 490 2352 in
523 2311 679 2366 quibus
710 2309 857 2351 insunt
887 2307 1061 2363 saepius
1083 2321 1238 2363 graeca
1258 2304 1479 2357 vocabula,
1510 2303 1723 2346 interdum
1744 2320 1895 2347 versus
1916 2306 2071 2362 integri
2093 2306 2247 2362 graeci,

381 2379 507 2421 Hanc
538 2379 714 2421 formam
745 2376 950 2418 orationis
981 2375 1178 2431 poeticae
1200 2373 1295 2430 quis
1326 2371 1473 2414 credat
1494 2386 1590 2413 esse
1612 2378 1744 2414 ortam
1765 2372 1944 2428 primum
1967 2374 2080 2429 apud
2101 2379 2248 2430 poetas

267 2447 524 2489 christianos
563 2444 752 2487 finientis
792 2442 959 2498 imperii
989 2441 1172 2484 Romani
1211 2448 1253 2484 et
1282 2440 1490 2482 transisse
1532 2440 1586 2481 ad
1616 2439 1782 2482 Bardos
1815 2438 2093 2482 Cambrorum
2134 2446 2176 2482 et
2204 2441 2246 2482 in

268 2516 455 2557 carmina
493 2513 671 2570 gentilia
712 2509 1112 2554 Scandinavorum?
1176 2506 1438 2551 Allitteratio
1477 2513 1617 2549 autem
1664 2508 1699 2549 si
1739 2507 1912 2563 propria
1947 2507 2147 2549 habenda
2183 2513 2250 2549 est

266 2582 400 2624 forma
435 2581 607 2638 poetica
643 2578 957 2622 Germanorum
995 2577 1078 2619 iam
1115 2577 1297 2618 vetustis
1336 2574 1625 2630 temporibus,
1667 2574 1750 2615 iam
1780 2582 1868 2615 tum
1902 2588 1994 2615 cum
2029 2568 2248 2616 '‘celebra-

267 2651 368 2691 bant
397 2647 654 2691 carminibus
688 2644 894 2700 antiquis,
938 2644 1053 2699 quod
1083 2658 1213 2686 unum
1245 2642 1359 2698 apud
1389 2640 1487 2683 illos
1519 2641 1746 2683 memoriae
1785 2647 1826 2683 et
1858 2641 2075 2682 annalium
2105 2655 2243 2696 genus

267 2710 405 2769 erat,”
443 2716 583 2771 gentis
627 2728 728 2755 suae
762 2711 1033 2762 conditores,
1075 2709 1360 2753 consonantia
1396 2708 1545 2750 eadem
1577 2709 1809 2751 coniuncta
1838 2722 1933 2750 cum
1971 2707 2089 2750 finali
2120 2713 2246 2763 atque

266 2783 518 2825 intermedia
552 2781 743 2838 putanda
783 2785 848 2821 est
887 2780 1064 2822 celticae
1107 2776 1312 2820 orationis
1352 2776 1546 2831 poeticae
1588 2777 1724 2819 forma
1754 2776 1930 2833 antiqua
1967 2775 2082 2818 culta
2108 2775 2192 2816 iam
2222 2789 2248 2816 a

267 2848 420 2891 Bardis
453 2855 494 2890 et
525 2848 719 2891 Druidis.
780 2847 910 2902 Apud
940 2845 1162 2887 Hibernos
1193 2851 1237 2886 et
1266 2842 1476 2886 cambros
1516 2849 1666 2899 poetas
1699 2842 1836 2885 eidem
1867 2842 2094 2886 adiunctus
2125 2855 2247 2897 repe·-

266 2918 372 2958 ritur
402 2917 684 2958 communiter
714 2914 907 2971 aequalis
938 2927 1137 2954 versuum
1168 2910 1352 2952 ambitus
1385 2916 1427 2950 et
1456 2916 1598 2953 celtus
1630 2911 1889 2966 syllabarum
1920 2923 2120 2952 numerus
2149 2923 2245 2951 cum

267 2991 383 3026 certa
416 2999 613 3026 versuum
645 2983 947 3033 collocatione,
993 2995 1089 3022 cum
1129 2978 1248 3020 latini
1288 2982 1441 3032 poetae
1480 2977 1708 3020 imitationi
1749 2977 1921 3034 saepius
1952 2977 2085 3018 latina
2113 2982 2246 3018 metra

272 3052 599 3107 supposuerint3
632 3051 728 3106 quis
760 3049 931 3092 easdem
964 3048 1121 3090 formas
1152 3044 1292 3088 Gallis
1324 3043 1520 3099 cognitas
1551 3044 1748 3100 negarit?

381 3117 611 3173 Superest,
649 3124 693 3159 ut
733 3118 953 3170 utriusque
984 3115 1125 3170 gentis
1157 3112 1337 3154 celticae
1368 3111 1597 3153 hodiernae
1628 3114 1805 3154 formam
1836 3112 2059 3167 poeticam,
2092 3124 2244 3152 conso-

270 3186 441 3228 nantiae
483 3185 594 3225 omni
638 3198 794 3240 genere
835 3188 1048 3233 ornatam,
1089 3179 1347 3221 illustremus
1386 3178 1596 3233 exemplis
1642 3178 1823 3221 vetustis
1871 3180 2008 3234 patrio
2049 3191 2242 3221 sermone

266 3252 533 3309 compositis.

265 3390 448 3435 sophorum
472 3388 520 3421 ad
543 3378 648 3420 litora
672 3390 791 3419 nostra
819 3384 1043 3428 miqrantem?
1073 3392 1228 3427 quorum?
1243 3381 1397 3426 quosquis
1421 3381 1565 3424 peritior
1590 3386 1647 3420 est,
1678 3380 1767 3413 ultro
1790 3379 1858 3413 sibi
1881 3379 2006 3413 indicit
2028 3378 2177 3419 exitium,
2203 3382 2243 3411 ut
2296 3397 2305 3405 -

267 3435 446 3470 Salomoni
468 3432 719 3477 sapientissimo
746 3430 900 3474 (Karolo
924 3430 1012 3473 reyz)
1030 3427 1227 3472 famuletur
1251 3427 1300 3460 ad
1322 3432 1447 3461 vocum.
1489 3426 1657 3460 Alcuiuus
1682 3435 1817 3470 quoque
1835 3435 1888 3470 ep.
1908 3429 1985 3459 221.
2012 3427 2078 3459 ait:
2113 3423 2240 3457 doctis·

265 3482 344 3515 simi
366 3479 517 3514 solebant
537 3477 694 3522 καμέειν-ι’
717 3476 757 3510 de
784 3475 952 3510 Hibernia
980 3474 1211 3512 Britanniam,
1243 3471 1406 3514 Galliam,
1434 3470 1575 3505 Italiam.
1599 3472 1720 3505 venire.
