2336 3736
275 237 328 280 36
370 237 441 278 (43)
919 233 954 277 Ι.
989 236 1024 276 1.
1071 245 1309 278 consonas
1339 245 1570 277 an'rchss.

275 357 373 401 dere
402 372 490 399 non
521 356 759 399 dubitamus
789 362 961 413 propter
988 356 1144 400 formas
1175 371 1337 411 ειωρηυ
1368 362 1410 401 et
1436 356 1522 400 hib.
1545 357 1681 409 iva-ad,
1713 357 1766 399 de
1795 356 1949 413 quibus
1980 372 2109 415 supra
2137 359 2226 415 egi-

277 439 388 477 mus;
419 423 501 467 hoc
530 430 575 466 ut
605 423 651 466 in
680 423 851 479 linguis,
886 438 991 479 quas
1023 423 1168 466 dicunt
1195 439 1405 477 romanas,
1436 423 1501 466 sic
1529 423 1575 465 in
1602 431 1746 466 vetere
1775 425 1859 466 iam
1888 425 2044 481 gallica
2069 425 2227 468 factum

275 506 371 534 esse
392 491 612 534 credamus
634 497 812 545 oportet,
846 491 881 534 si
902 498 1015 533 recte
1044 492 1242 534 traditum
1273 498 1339 534 est
1366 490 1578 546 Agedinci
1610 490 1760 547 oppidi
1788 505 1942 534 nomen
1969 491 2015 534 in
2045 492 2226 551 inscrip-

271 558 386 601 tione
417 558 559 615 aliqua
596 559 741 615 Aqied.
783 558 982 615 scriptum
1013 573 1108 602 esse
1147 558 1221 614 (cf.
1249 558 1405 603 Gleok.
1442 558 1506 600 16.
1537 565 1623 600 not.
1647 558 1707 614 2).
1767 557 1868 613 Qua
1898 559 1991 602 soni
2022 561 2226 604 exubera—

271 626 388 669 tione
415 626 595 669 forsitan
625 624 858 683 explicetur
887 625 991 668 illud
1024 641 1067 681 η,
1097 627 1211 683 quod
1239 642 1316 684 pro
1347 642 1367 669 e
1397 632 1591 681 correpta
1620 641 1706 669 non
1737 626 1872 669 solum
1902 627 2015 684 apud
2047 627 2226 685 scripto·

270 707 339 736 res
368 708 543 750 graecos
576 692 644 748 (ut
662 692 771 737 Ptol.
808 692 1030 749 Νεμῆται)
1059 694 1285 747 invenitur,
1318 693 1396 736 sed
1418 693 1542 737 etiam
1563 693 1608 736 in
1627 693 1977 751 inscriptionibus
1999 693 2226 751 (νεμητον)

272 767 314 804 et
341 761 522 804 nummis
552 759 734 816 (Αγηὸ)
763 775 913 817 graece
945 760 1127 817 scriptis.

384 826 471 871 Sed
501 834 714 884 utcunque
751 829 801 871 de
830 828 911 870 hoc
939 829 977 869 ie
1006 828 1275 871 statuendum
1305 834 1382 880 est,
1414 829 1467 872 ad
1496 828 1754 872 hibernicam
1783 829 1968 886 linguam
1998 836 2112 873 certe
2139 845 2226 874 non

270 895 463 952 pertinet,
497 909 605 952 quae
635 895 822 952 quinque
854 911 902 938 ac
932 895 1020 939 fere
1049 901 1246 952 quattuor
1275 895 1548 953 diphthongis
1580 902 1790 949 contenta,
1822 899 1878 950 ai,
1908 899 1959 951 oi,
1980 899 2036 951 ia,
2066 914 2134 952 au,
2156 914 2224 952 ua,

270 962 355 1005 dici
382 962 456 1005 vix
485 969 627 1019 potest
655 968 817 1006 sextam
846 977 1107 1020 procreasse.

1054 1142 1105 1186 B.
1151 1142 1439 1187 Consonae.

383 1230 677 1275 Consonat-um
725 1232 966 1276 celticarum
1005 1233 1168 1277 classes
1212 1241 1258 1275 ut
1301 1233 1347 1275 in
1384 1233 1537 1276 ceteris
1575 1233 1734 1289 linguis
1771 1233 2071 1290 indeuropaeis
2127 1240 2227 1277 sunt

271 1298 665 1343 semivocalium
712 1300 952 1357 liquidae
1000 1308 1041 1343 et
1087 1300 1387 1358 spirantes,
1432 1307 1681 1344 mutarum
1731 1301 1961 1354 mediae,
2012 1307 2223 1355 tenues,

270 1367 563 1423 aspiratae.
619 1367 834 1411 Mutarum
863 1368 973 1411 terni
1004 1382 1212 1425 quamque
1243 1367 1424 1411 classem
1455 1368 1548 1410 soni
1579 1367 1852 1421 constituunt,
1884 1369 1957 1425 qui
1987 1368 2072 1411 oris
2103 1383 2225 1426 orga-

267 1434 336 1478 nis
368 1434 674 1489 discernuntur,
706 1436 957 1490 labiales,
989 1435 1253 1489 dentales,
1286 1435 1603 1492 gutturales,
1636 1435 1952 1479 semivocalium
1983 1435 2090 1479 duas
2113 1436 2223 1480 clas-

269 1517 339 1546 ses
369 1504 562 1560 quaterni
594 1504 701 1557 soni,
733 1520 819 1547 non
850 1504 997 1547 eodem
1027 1510 1140 1546 certo
1170 1504 1295 1546 modo
1326 1503 1526 1547 distincti.
1585 1503 1638 1546 In
1669 1502 1996 1547 semivocalibus
2027 1504 2140 1561 quod
2170 1504 2226 1548 sit

267 1572 482 1628 proprium
526 1588 576 1616 ac
613 1573 807 1629 divergat
850 1588 874 1615 a
911 1571 1067 1628 linguis
1109 1572 1307 1615 affinibus
1344 1588 1430 1616 non
1469 1571 1835 1625 animadvertitur,
1882 1572 1957 1615 sed
2000 1571 2046 1615 in
2082 1572 2222 1615 mutis.

268 1637 455 1692 Quarum
484 1639 723 1697 proprietas
754 1655 805 1683 ea
835 1646 919 1693 est,
954 1645 999 1682 ut
1028 1654 1081 1682 ex
1110 1646 1230 1697 parte
1260 1646 1422 1683 tantum
1454 1655 1547 1682 cum
1574 1638 1702 1682 mutis
1733 1645 1963 1683 ceterarum
1994 1646 2040 1682 ut
2067 1640 2224 1684 latinae

268 1712 310 1748 et
333 1708 600 1764 germanicae
629 1708 898 1760 concordent,
930 1722 984 1751 ex
1002 1713 1123 1765 parte
1154 1723 1254 1764 ergo
1277 1708 1532 1751 discordent.
1582 1706 1669 1750 Res
1702 1714 1839 1750 autem
1869 1707 1929 1750 ita
1959 1723 2005 1751 se
2024 1708 2164 1752 habet.

378 1773 588 1833 Linguam
624 1790 818 1833 graecam
854 1774 1143 1832 potissimum,
1189 1775 1405 1833 aliquanto
1453 1774 1592 1817 minus
1636 1774 1808 1817 latinam
1845 1775 1979 1819 tribus
2016 1782 2223 1819 mutarum

267 1840 495 1895 classibus,
534 1842 705 1896 mediis,
745 1843 963 1896 tenuibus,
1004 1842 1221 1900 aspiratis,
1260 1843 1477 1886 abundare
1515 1848 1556 1885 et
1594 1841 1676 1885 hac
1712 1842 1837 1898 copia
1872 1843 1960 1886 fere
1989 1857 2223 1901 congruere

267 1924 361 1951 cum
396 1910 540 1953 indica
576 1917 755 1954 constat.
822 1910 892 1953 Ex
927 1911 1084 1967 linguis
1123 1909 1515 1967 septentrionalium
1551 1910 1768 1952 nationum
1806 1910 2048 1965 germanica
2092 1910 2223 1954 utitur

267 1976 435 2033 quidem
462 1978 609 2021 eadem
640 1977 783 2034 copia,
821 1994 906 2021 non
936 1985 1077 2021 tamen
1106 1977 1167 2020 ita
1198 1976 1413 2034 congruit,
1455 1983 1501 2019 ut
1533 1991 1641 2033 quae
1678 1976 1722 2018 in
1752 1977 1930 2020 vocibus
1966 1977 2112 2021 harum
2140 1978 2222 2021 lin-

267 2060 441 2100 guarum
471 2044 761 2088 communibus
792 2046 1003 2102 aspiratae
1034 2053 1132 2089 sunt
1168 2046 1213 2088 in
1244 2059 1398 2102 graeca
1428 2053 1470 2088 et
1498 2044 1652 2097 latina,
1692 2044 1864 2086 eaedem
1895 2045 1980 2088 sint
2010 2046 2221 2103 aspiratae

266 2112 310 2154 in
339 2113 592 2168 germanica.
653 2112 705 2155 In
734 2113 814 2156 hac
845 2113 978 2167 em‘m,
1022 2128 1130 2169 quae
1161 2114 1205 2156 in
1236 2113 1322 2156 illis
1353 2120 1453 2156 sunt
1482 2111 1714 2169 aspiratae,
1752 2111 1890 2154 factae
1928 2119 2027 2156 sunt
2054 2112 2220 2157 mediae

267 2179 494 2222 secundam
532 2180 720 2236 regulam
755 2181 1100 2237 transpositionis
1139 2187 1345 2224 mutarum
1384 2180 1716 2237 germanicarum
1755 2180 1952 2234 eandem,
1992 2196 2077 2237 qua
2113 2195 2221 2237 quae

266 2252 411 2288 extant
438 2247 600 2290 mediae
630 2248 676 2290 in
703 2247 1048 2291 meridionalibus
1078 2248 1246 2304 linguis,
1279 2256 1442 2301 tenues,
1475 2262 1583 2303 quae
1611 2253 1774 2300 tenues,
1811 2246 1948 2290 factae
1979 2254 2079 2290 sunt
2107 2247 2221 2304 aspi-

265 2322 393 2358 ratae.
444 2314 613 2359 Sistunt
639 2315 718 2359 has
748 2315 949 2359 classium
976 2316 1341 2372 transgressiones
1372 2315 1450 2357 hae
1482 2315 1591 2357 duae
1621 2329 1748 2357 voces
1770 2315 1935 2371 goticae
1957 2314 2057 2356 boka
2077 2314 2222 2370 (=fa-

262 2399 350 2440 qus,
374 2380 536 2440 φηγός)
557 2390 599 2427 et
621 2384 785 2426 canthus
801 2384 863 2439 (ε
882 2385 1007 2437 devm,
1031 2380 1213 2441 (idmst),
1244 2384 1290 2427 in
1313 2384 1465 2441 quibus
1497 2398 1520 2425 e
1541 2381 1692 2425 mediis
1712 2382 1904 2438 pristinis
1923 2398 1963 2439 9,
1995 2384 2025 2425 d
2051 2382 2221 2440 prodie-

262 2458 359 2494 runt
387 2459 537 2495 tenues
564 2451 601 2505 k,
634 2459 660 2505 t,
692 2467 715 2494 e
745 2451 864 2494 tenui
894 2460 910 2493 t
939 2452 1125 2508 aspirata
1156 2451 1209 2505 th,
1242 2467 1294 2494 ex
1324 2451 1511 2508 aspirata
1542 2463 1575 2503 φ
1605 2451 1744 2493 media
1773 2450 1809 2492 b.

372 2517 565 2575 Linguae
594 2519 646 2561 ab
668 2525 844 2575 utraque
874 2526 994 2576 parte
1024 2519 1289 2576 germanicae
1310 2519 1513 2572 confines,
1546 2517 1697 2560 celtica
1717 2520 1769 2561 ab
1791 2517 2024 2571 occidente,
2057 2517 2219 2562 slavica

263 2602 358 2630 cum
386 2587 587 2630 lituanica
616 2587 669 2630 ab
701 2587 883 2641 oriente,
923 2588 1138 2644 proprium
1175 2587 1340 2630 modum
1377 2593 1546 2630 secutae
1586 2591 1628 2628 et
1656 2585 1969 2639 intermedium,
2007 2585 2053 2628 id
2091 2602 2221 2630 unum

262 2655 521 2699 concordant
548 2669 643 2698 cum
666 2655 918 2711 germanica,
941 2656 1054 2711 quod
1076 2661 1429 2712 transposuerunt
1450 2654 1658 2711 aspiratae
1686 2653 1730 2695 in
1751 2653 1923 2707 medias,
1953 2653 2218 2710 reliquerunt

259 2730 400 2767 tamen
430 2724 613 2766 intactas
643 2722 804 2765 medias
836 2730 878 2765 et
907 2728 1070 2776 tenues,
1103 2731 1150 2765 ut
1179 2733 1278 2766 sunt
1306 2723 1350 2766 in
1382 2737 1534 2779 graeca
1564 2728 1606 2764 et
1634 2721 1778 2763 latina.
1837 2720 1952 2764 Ecce
1983 2721 2188 2779 exempla.

371 2790 542 2834 Mediae
573 2797 617 2834 et
644 2796 795 2834 tenues
818 2796 1023 2844 servatae,
1055 2797 1100 2833 ut
1129 2791 1174 2832 in
1195 2789 1542 2834 meridionalibus
1573 2789 1748 2845 linguis:
1782 2788 1866 2832 hib.
1897 2790 1982 2842 dia,
2013 2790 2109 2833 brit.
2131 2795 2214 2833 vet.

260 2860 360 2901 daia
383 2878 424 2894 =
452 2858 550 2915 gall.
581 2859 734 2912 deivo-‚
771 2859 904 2912 dfvo-‚
936 2859 1053 2901 de'vo·
1089 2857 1184 2913 (lat.
1217 2859 1325 2911 deus,
1357 2859 1491 2910 divus,
1523 2857 1583 2900 lit.
1615 2852 1761 2910 destas,
1800 2856 1887 2898 ind.
1918 2856 2079 2912 clauda).
2117 2856 2213 2900 brit.

259 2932 342 2970 vet.
365 2927 435 2968 dec
465 2924 572 2980 (hib.
601 2931 687 2968 vet.
718 2926 844 2980 deick,
876 2925 1029 2968 cambr.
1051 2925 1149 2968 hod.
1170 2926 1257 2982 τῖες,
1289 2941 1310 2967 c
1336 2931 1408 2968 aut
1426 2924 1583 2968 infecta
1603 2929 1675 2967 aut
1694 2923 1914 2976 destituta3
1947 2923 2052 2966 slav.
2073 2924 2212 2978 desen,

258 3013 300 3029 =
323 2991 454 3047 δέκα,
485 2994 631 3044 decem,
662 2991 749 3034 ind.
781 2993 933 3047 da'pam
965 2999 1008 3036 at
1037 3000 1121 3050 got.
1152 2992 1330 3048 taihun).
1366 2992 1451 3035 hib.
1484 2998 1555 3034 vet
1598 2993 1675 3045 det,
1706 2990 1800 3034 brit.
1823 2991 1925 3033 dant
1953 2990 2034 3045 (lit.
2056 2991 2210 3046 clantio,

258 3080 298 3096 =
314 3060 389 3102 lat.
411 3061 520 3113 dens,
543 3060 693 3112 dentis,
726 3066 768 3101 at
798 3069 881 3116 got.
904 3061 1102 3115 tuntkus).
1132 3060 1254 3104 radix
1271 3076 1355 3116 qan
1376 3059 1421 3102 in
1444 3059 1574 3101 variis
1592 3059 1737 3101 formis
1760 3064 1805 3100 ut
1822 3057 1908 3101 hib.
1931 3064 2013 3101 vet.
2035 3059 2214 3115 roye'm'r,

254 3128 362 3183 yein,
390 3128 511 3183 inyen
539 3126 640 3170 Wb.
672 3126 768 3184 Sg.,
799 3127 892 3171 brit.
919 3142 1071 3185 qaner,
1108 3134 1232 3184 yanet
1260 3126 1349 3184 (gr.
1382 3124 1523 3179 γένος,
1560 3125 1629 3168 lat.
1658 3140 1805 3181 yenu33
1848 3130 1931 3181 got.
1961 3124 2082 3181 kam)
2119 3139 2215 3167 cum

257 3194 399 3237 radice
424 3208 517 3250 qen,
542 3196 626 3250 yne'
651 3192 732 3251 (gr.
755 3191 994 3248 γιγνώσκω,
1024 3194 1095 3239 lat.
1117 3193 1321 3251 (q)nosco;
1352 3207 1479 3250 germ.
1501 3192 1686 3248 konnen).
1727 3192 1916 3235 Tenues:
1950 3187 2212 3245 Πετουαρία

258 3261 381 3316 (Brit.
412 3260 577 3320 oppid.)
616 3276 682 3318 ap.
724 3260 834 3304 Ptol.
881 3276 902 3305 e
942 3276 1115 3304 numero
1152 3261 1247 3304 brit.
1278 3268 1432 3317 petuar
1468 3279 1508 3295 =
1540 3259 1625 3303 hib.
1666 3266 1747 3301 vet.
1788 3260 1912 3301 eetkz‘r
1947 3257 2027 3313 (lit.
2057 3257 2210 3310 ketum',

255 3329 349 3372 aeol
380 3327 587 3383 πὲσυρες,
618 3328 706 3372 dor.
737 3326 932 3382 τέτορες,
963 3328 1034 3371 lat.
1066 3335 1261 3384 quatuor3
1300 3334 1385 3384 got.
1403 3327 1544 3380 fidvor
1579 3342 1656 3383 pro
1675 3326 1862 3381 fitlwor).
1901 3325 1988 3368 hib.
2015 3324 2111 3368 brit.
2152 3325 2210 3366 tri

254 3394 317 3451 (=
342 3397 472 3451 τρεῖς,
493 3403 584 3451 tres,
605 3395 666 3438 lit.
688 3405 786 3452 crya,
809 3397 912 3439 slav.
935 3396 1044 3451 trzje3
1075 3403 1160 3453 got.
1182 3396 1336 3450 chr-eis).
1373 3394 1461 3438 rad.
1485 3403 1577 3452 traq
1596 3393 1805 3449 (currere)
1827 3393 1871 3436 in
1891 3392 1987 3449 gall.
2010 3399 2082 3435 vet
2119 3406 2205 3432 ver-
