2336 3736
247 219 497 263 XXXVIII
967 230 1239 262 pnoomssum
1268 231 1492 262 Em'roms.

248 341 419 398 longius
450 343 564 385 vitae
595 343 779 399 spatium
810 342 848 384 ei
879 341 1092 394 licuisset,
1131 341 1183 383 ad
1223 343 1401 385 eandem
1431 342 1519 384 fere
1558 342 1611 384 de
1641 341 1720 383 hac
1756 355 1799 381 re
1831 339 2085 382 sententiam
2121 355 2218 396 pro-

250 429 421 471 gressus
452 416 590 468 fuerit,
623 430 746 471 quam
778 429 858 457 nos
880 415 942 470 (p.
965 416 1017 456 54
1041 415 1127 470 sq.)
1157 416 1471 471 proposuimus.

362 489 454 531 Nec
483 490 638 531 desunt
667 488 953 530 correctiones
991 502 1133 529 eorum
1173 503 1282 544 quae
1320 489 1371 530 ad
1404 487 1700 544 etymologiam
1732 493 1941 542 spectant.
1999 485 2061 528 Ut
2096 485 2149 526 ad
2177 501 2217 540 p.

250 563 331 603 849
362 562 454 617 ipse
477 561 709 611 adnotavit,
742 576 819 616 pro
841 572 984 616 praep.
1007 561 1115 602 secle-
1137 561 1181 602 in
1201 561 1557 616 compositionem
1588 561 1745 602 intrare
1774 559 1949 600 formam
1972 559 2122 599 seckm-
2151 558 2221 600 vel

249 635 448 685 sedwa—3
497 635 623 690 adp.
647 636 727 676 995
760 633 919 688 duplici
951 648 1090 675 errore
1123 633 1289 675 sublato
1321 641 1436 676 recte
1469 634 1664 676 distinxit
1693 640 1734 674 et
1763 634 1930 686 αφψιζᾳην
1961 633 2012 673 ab
2046 633 2150 672 oiri&
2180 638 2222 672 et

251 708 389 747 rddim
412 722 437 748 a
458 708 664 758 domitam
698 707 749 748 ad
774 721 812 762 p.
839 707 944 748 1007
979 705 1138 747 delevit
1157 704 1309 748 falsam
1328 706 1720 762 interpretationem
1750 705 1910 747 formae
1940 704 2221 745 immoncloick

251 778 314 834 (=
344 780 654 834 immineloieh).

360 850 551 894 Plurima
579 859 718 894 tamen
750 852 821 894 ille
852 851 1017 893 addidit.
1046 851 1115 893 vel
1135 850 1313 893 novavit
1342 850 1394 892 de
1415 851 1579 892 ratione
1611 857 1653 893 et
1671 850 1854 893 flexione
1887 849 2017 892 verbi.
2078 848 2138 891 Ut
2168 849 2222 892 ad

250 939 290 980 p.
314 926 396 966 415
430 925 650 967 adnotavit
679 925 954 983 particulam
986 924 1220 980 significari
1250 925 1431 966 futurum
1455 930 1662 977 exactum,
1696 923 1809 980 quod
1830 937 1955 980 quam
1984 937 2118 980 prope
2150 923 2222 964 ab·

253 998 308 1040 sit
340 1013 365 1040 a
390 999 579 1050 veritate,
613 999 798 1040 cernitur
827 997 1035 1054 exemplis
1066 997 1342 1049 coniunctivi‚
1375 1011 1484 1052 quae
1516 998 1580 1039 ed.
1603 996 1660 1039 Il.
1683 998 1766 1039 413
1787 1011 1849 1052 sq.
1870 997 1954 1038 442
1986 996 2055 1037 vel
2075 989 2223 1038 ab'illo

254 1071 498 1127 accepimus
530 1071 599 1113 vel
620 1072 703 1128 ipsi
737 1071 999 1126 collegimus.
1051 1070 1170 1112 Idem
1203 1070 1255 1113 de
1277 1071 1305 1110 d
1333 1069 1599 1126 pleonastice
1631 1070 1775 1112 addita
1803 1076 1903 1126 post
1921 1084 2036 1111 σενα·
2062 1068 2226 1110 monuit

254 1143 327 1199 (cf.
356 1143 487 1186 Beitr.
519 1143 570 1185 V,
594 1145 646 1185 67
671 1144 798 1200 sqq.)
860 1144 931 1185 Ad
961 1160 1001 1200 p.
1024 1146 1108 1187 440
1138 1150 1253 1187 recte
1281 1144 1449 1185 notavit
1466 1145 1645 1199 fortiay,
1675 1143 1836 1198 contdz'y
1876 1156 1965 1184 non
1994 1141 2098 1183 illuc
2128 1156 2224 1198 per-

253 1216 402 1269 tinere,
436 1216 511 1258 sed
543 1217 595 1259 ad
619 1219 773 1259 seriem
803 1218 971 1260 tertiam
1002 1217 1151 1273 (quam
1181 1217 1359 1273 primam
1388 1231 1469 1258 nos
1491 1214 1823 1270 constituimus).
1884 1214 1955 1257 Ad
1984 1230 2026 1270 p.
2047 1214 2131 1255 436
2162 1221 2224 1257 at-

253 1289 352 1329 tulit
382 1289 578 1346 exempla
610 1290 738 1331 futuri
771 1291 865 1332 sine
897 1291 919 1331 b
947 1289 1115 1332 formati
1147 1305 1170 1332 e
1200 1290 1399 1332 thematis
1431 1289 1727 1332 desinentibus
1758 1288 1802 1329 in
1832 1295 1982 1340 mutas,
2015 1302 2038 1329 e
2069 1288 2224 1343 quibus

252 1362 365 1417 quod
404 1378 531 1404 unum
575 1363 673 1404 olim
705 1363 941 1418 protulerat
969 1369 1180 1418 tamquam
1221 1362 1462 1419 praesentis
1503 1362 1697 1414 formam,
1737 1363 1785 1402 ni
1817 1360 1938 1417 yebat
1975 1359 2081 1415 (non
2111 1361 2224 1403 acci-

251 1435 404 1490 pient),
438 1450 517 1477 nos
550 1451 717 1492 quoque
748 1436 887 1477 futuro
917 1436 1180 1478 restituimus
1212 1435 1366 1490 (Beitr.
1395 1435 1477 1477 III.
1511 1437 1593 1477 262
1617 1435 1722 1491 sq.)·
1764 1440 1999 1476 ceterorum
2032 1434 2224 1476 eiusdem

256 1508 523 1550 formationis
555 1509 843 1565 exemplorum
885 1509 1004 1550 auxit
1034 1509 1200 1564 copiam
1229 1524 1300 1564 pp.
1330 1509 1424 1550 439.
1455 1508 1552 1549 443.
1615 1506 1826 1562 Congruit
1855 1522 1952 1549 cum
1984 1505 2069 1557 his,
2111 1507 2223 1562 quod

252 1581 306 1622 ad
335 1597 375 1637 p.
406 1582 486 1622 457
526 1596 627 1623 vere
656 1581 824 1622 monuit
851 1581 1028 1623 formam
1066 1582 1288 1624 relativam
1315 1581 1439 1637 gleba-s·
1479 1581 1572 1636 (qui
1605 1580 1809 1636 accipiet)
1849 1595 1945 1623 esse
1983 1579 2109 1620 futuri
2149 1578 2223 1633 (cf.

251 1653 277 1694 l.
311 1667 346 1694 c.
385 1653 465 1695 111.
496 1654 612 1707 265).
679 1653 844 1695 Ibidem
881 1655 919 1696 2.
952 1669 1063 1710 pers.
1096 1654 1273 1710 pluralis
1313 1654 1486 1695 formam
1530 1653 1752 1695 relativam
1796 1653 2013 1708 praeclare
2051 1653 2226 1706 agnovit

252 1726 349 1766 bede
379 1726 513 1781 (quod
544 1726 660 1780 sitis)
693 1726 736 1767 in
767 1726 848 1768 hoc
881 1727 1099 1784 exemplo:
1132 1727 1340 1779 com'qidsi
1370 1726 1464 1767 bede.
1483 1728 1712 1781 preceptori
1739 1726 1954 1782 (poteritis
1987 1740 2083 1767 esse
2103 1740 2225 1781 prae-

252 1799 491 1854 ceptores)⁷
533 1787 732 1855 quocum.
774 1799 855 1841 etsi
887 1799 993 1842 haec
1023 1801 1121 1855 ipsa
1149 1800 1284 1842 forma
1312 1815 1392 1841 nos
1422 1800 1611 1855 fugerat.
1652 1806 1795 1841 tamen
1827 1799 2085 1842 conferenda
2114 1806 2224 1851 sunt,

252 1887 362 1927 quae
396 1873 422 1914 l.
455 1887 491 1915 c.
525 1872 836 1928 disputavimus
869 1872 968 1925 (ΠΙ.
993 1872 1108 1927 267).
1168 1873 1241 1915 Ad
1270 1888 1310 1929 p.
1342 1874 1425 1914 442
1464 1873 1575 1914 idem
1610 1872 1774 1914 addidit
1804 1872 1999 1927 exempla
2028 1872 2226 1914 termina—

251 1945 382 1988 tionis
412 1945 466 1997 Ι),
500 1960 523 1987 e
555 1946 709 2001 quibus
739 1945 850 1987 hanc
870 1946 1086 2001 praeteriti
1117 1946 1410 1988 formationem
1443 1945 1541 2000 (per
1562 1953 1577 1984 t
1604 1944 1779 2000 factam)
1811 1951 1990 2002 apparet
2018 1959 2104 1986 non
2125 1959 2226 1986 con-

252 2018 378 2060 tineri
408 2019 462 2060 iis
492 2019 648 2069 verbis.
682 2034 858 2074 quorum
888 2019 1074 2060 themata
1104 2019 1277 2074 liquidis
1309 2019 1587 2061 terminentur
1629 2025 1701 2059 aut
1731 2018 2028 2073 gutturalibus.
2090 2017 2227 2059 Pluri-

255 2108 364 2133 mum
407 2107 507 2133 vero
539 2092 686 2133 valent
717 2093 769 2133 ad
803 2093 1087 2148 effingendam
1129 2092 1325 2133 flexionis
1364 2092 1612 2147 imaginem,
1655 2106 1762 2146 quae
1795 2091 1864 2131 ille
1897 2091 2142 2133 observavit
2172 2091 2225 2133 ad

251 2180 293 2220 p.
316 2166 412 2205 444.
474 2164 559 2206 Ubi
597 2181 683 2206 non
714 2166 838 2208 modo
871 2165 1092 2221 perspexit
1124 2165 1269 2205 labi-ar
1300 2165 1491 2220 (loquar)
1535 2171 1576 2205 et
1616 2163 1778 2205 similes
1808 2164 1964 2205 formas
1999 2178 2093 2205 esse
2126 2179 2226 2206 con-

258 2238 434 2279 iunctivi
469 2238 579 2279 sicut
609 2240 651 2279 ω’
683 2238 805 2293 (sim)
844 2254 884 2294 p.
913 2240 1018 2289 4773
1059 2253 1205 2279 verum
1237 2238 1363 2279 etiam
1399 2236 1705 2278 demonstravit
1736 2237 1931 2292 exemplo
1963 2236 2121 2278 formae
2154 2239 2226 2277 do-

253 2313 468 2352 mairam-so
501 2310 576 2365 (gl.
610 2312 829 2353 existimas
862 2318 999 2353 autem
1012 2311 1051 2365 P)
1085 2310 1183 2352 Wb.
1211 2313 1259 2359 Γ,
1302 2310 1421 2352 verbi
1454 2310 1710 2366 deponentis
1743 2312 1780 2352 2.
1812 2325 1927 2365 pers.
1967 2309 2075 2365 sing.
2118 2311 2229 2352 sicut

259 2384 423 2425 tertiam
458 2398 534 2439 per
557 2392 569 2422 ί
592 2383 675 2437 (rh)
706 2384 890 2426 formari.
952 2382 1088 2425 Cuius
1119 2384 1278 2425 formae
1315 2390 1512 2438 quattuor
1542 2391 1763 2439 praeterea
1784 2382 1979 2438 exempla
2008 2382 2225 2424 indicativi

256 2456 496 2512 praesentis
527 2457 709 2512 repperi,
744 2457 897 2512 quibus
929 2457 1077 2498 nescio
1109 2471 1162 2497 an
1186 2456 1426 2498 addendum
1456 2456 1512 2497 sit
1532 2456 1897 2496 mrsatoesmz'rtleer
1926 2456 2077 2511 (super
2107 2470 2229 2511 quem

256 2530 380 2585 ponis
395 2529 453 2584 1²),
485 2529 529 2569 in
564 2545 647 2585 quo
679 2529 998 2585 interpretando
1030 2529 1182 2585 (super
1212 2543 1336 2584 quem
1367 2528 1558 2585 ponitur>
1591 2529 1653 2570 ed.
1678 2528 1736 2569 H.
1761 2530 1842 2569 :342
1884 2528 1965 2570 iam
1997 2543 2146 2569 vereor
2176 2543 2230 2568 ne

257 2609 411 2643 temere
447 2610 621 2643 secutus
655 2603 731 2643 sim
756 2603 870 2644 illius
895 2601 1208 2652 auctoritatem3
1243 2617 1368 2643 unum
1391 2601 1672 2652 coniunctivi3
1704 2612 1845 2650 unum,
1878 2601 1922 2642 ni
1942 2600 2077 2652 fallor,
2110 2615 2230 2656 prae-

262 2674 397 2716 teriti:
420 2675 637 2728 somenam·
670 2675 891 2728 (opinatus
924 2675 1003 2728 es),
1038 2676 1151 2730 quod
1181 2675 1252 2716 ille
1285 2674 1433 2716 tribuit
1463 2674 1730 2729 imperativo3
1765 2673 1848 2715 alia
1877 2673 1962 2714 vid.
1993 2671 2038 2713 in
2067 2673 2182 2715 Add.

369 2746 437 2788 De
462 2747 693 2789 hibernicis
715 2748 943 2799 hactenus3
978 2748 1029 2789 de
1051 2747 1277 2789 cambricis
1300 2756 1438 2789 autem
1463 2761 1570 2802 quae
1592 2746 1685 2801 ipse
1716 2761 1792 2787 suo
1815 2745 2044 2798 exemplari
2068 2745 2229 2799 ascrip-

256 2820 322 2870 sit,
356 2819 461 2861 haec
492 2820 578 2860 sere
611 2828 710 2860 sunt
730 2820 1084 2862 memorabiliora.
1145 2820 1214 2861 Ad
1238 2835 1276 2874 p.
1300 2820 1382 2861 218
1413 2819 1635 2861 adnotavit
1664 2819 1979 2861 destitutionem
2010 2817 2101 2859 fieri
2131 2824 2231 2873 post

255 2877 617 2948 praepositionem
649 2900 708 2932 arc
740 2892 854 2945 (ad),
895 2893 1071 2933 eandem
1104 2899 1202 2947 post
1232 2894 1316 2932 dan
1348 2892 1470 2947 (sub)
1502 2892 1554 2932 ad
1585 2906 1624 2947 p.
1654 2891 1747 2932 643.
1810 2888 1879 2931 A'd
1909 2905 1979 2946 pp.
2008 2891 2103 2932 295.
2134 2891 2228 2931 297.

254 2966 337 3006 298
369 2965 730 3006 substantivorum
754 2964 957 3018 pluralem
981 2965 1189 3006 cambzrice
1222 2979 1389 3020 quoque
1414 2964 1449 3005 R
1477 2964 1745 3005 terminatum
1776 2963 2005 3004 illustravit
2035 2961 2228 3016 exemplo

252 3052 472 3093 ywaewar,
502 3052 675 3091 gleveuyst·
707 3037 804 3091 (sed
836 3038 887 3079 cf.
921 3037 1069 3091 Add.),
1101 3038 1146 3078 in
1176 3045 1277 3077 -‹1·u·t
1308 3037 1574 3079 desinentem
1605 3034 1799 3090 exemplo
1825 3043 2007 3089 pyseawt
2029 3034 2228 3089 (pisces).

259 3108 603 3164 Comparationis
634 3111 791 3165 gradus
826 3126 848 3152 e
879 3110 1157 3151 substantivis
1191 3110 1404 3152 derivatos
1437 3109 1639 3165 apposuit
1667 3108 1720 3149 ad
1741 3123 1782 3163 p.
1806 3109 1899 3148 305.
1941 3106 2147 3148 ‘Tandem
2178 3106 2232 3146 ad

259 3196 298 3239 p.
325 3182 405 3223 396
439 3182 596 3224 adiecit
625 3197 858 3236 pronomen
889 3182 1185 3237 possessivum
1217 3185 1254 3224 3.
1288 3197 1398 3238 pers.
1432 3182 1543 3236 sing.
1577 3182 1751 3222 infixum
1786 3195 1879 3222 cum
1914 3179 2230 3235 praepositione

260 3270 288 3308 y
320 3255 415 3308 (ad)
448 3270 532 3296 non
567 3256 705 3296 solum
737 3256 775 3295 in
810 3270 866 3306 oe.
902 3256 978 3296 sed
1010 3256 1133 3296 etiam
1168 3256 1211 3296 in
1239 3271 1303 3310 yn>
1333 3254 1587 3310 transgredi.

369 3326 494 3370 Haec
527 3328 613 3370 fere
634 3336 733 3368 sunt
764 3343 874 3382 quas
896 3329 1056 3371 sedulis
1088 3344 1139 3369 ac
1161 3327 1436 3382 diligentibus
1460 3328 1539 3368 viri
1571 3327 1684 3367 curis
1707 3332 1842 3377 aucta,
1873 3325 2054 3377 adiecta,
2088 3339 2226 3365 emen-

262 3398 360 3441 data
392 3401 650 3451 invenimus3
685 3416 859 3455 quorum
893 3402 971 3441 etsi
1007 3401 1222 3455 aliquanto
1255 3400 1392 3441 minor
1422 3401 1548 3453 copia
1578 3406 1644 3440 est
1673 3413 1800 3454 quam
1831 3397 2133 3453 exemplorum,
2164 3405 2229 3439 ta-
