2336 3736
238 331 322 372 970
350 335 642 374 (⁹5⁷.1144-958)
710 331 776 374 vl.
808 333 846 374 2.
899 340 1215 374 CONSTRUOTIO
1245 342 1441 376 pumma
1471 343 1761 374 nm'rAchA.

510 456 688 494 Decimas
717 460 756 492 et
784 454 999 492 oblationes
1026 455 1101 492 deo
1130 468 1205 492 non
1233 456 1397 503 solvunt,

508 519 603 556 Dies
630 518 748 555 festos
776 522 814 554 et
840 517 1051 554 dominicas
1082 529 1154 554 uon
1186 522 1429 565 venerantur,

507 581 672 631 vigilias
699 585 764 617 aut
792 579 1043 618 caerimonias
1072 592 1147 616 uon
1175 581 1389 618 observant.

506 647 611 682 Aves
638 644 782 690 volant,
809 642 937 693 pisces
964 646 1111 688 natant,

502 708 613 755 Apes
641 705 875 752 mellificant,
904 717 1055 742 vermes
1080 708 1233 754 repunt,

507 767 674 815 Quidvis
701 772 885 817 operatur
911 768 960 805 ad
989 766 1298 816 consequendam
1326 768 1572 805 nutritionem
1603 777 1727 813 suam,

507 830 692 881 Exceptis
720 829 846 867 Cleris
872 833 912 866 et
938 829 1151 867 latronibus
1180 827 1302 878 pigris
1329 829 1543 868 inutilibus.

509 937 594 975 Non
624 938 795 982 detrecto
822 948 893 985 ego
920 939 1074 974 cantum
1101 949 1172 973 nec
1199 941 1397 974 cantorum
1424 940 1558 985 artem,

507 999 606 1038 Nam
637 999 734 1037 deus
761 1011 806 1037 ea
833 999 943 1037 dedit
969 1003 1102 1037 contra
1128 999 1230 1036 mala
1256 997 1451 1047 tristitiae,

508 1062 594 1100 Nisi
622 1074 709 1099 eum
736 1061 804 1112 qui
832 1074 878 1099 ea
903 1061 986 1111 agit
1012 1061 1146 1112 iniquo
1174 1073 1245 1099 usu

508 1125 570 1163 Ad
597 1124 888 1164 detrectandum
914 1124 1043 1162 Iesum
1071 1124 1231 1174 eiusque
1259 1123 1554 1162 ministerium.’'

349 1236 526 1279 Praeter
556 1248 818 1277 communem
834 1232 1044 1292 *copulam
1076 1240 1169 1274 -ant
1199 1231 1480 1274 enarrationis
1510 1231 1865 1287 reprehendentis
1887 1237 1930 1274 et
1958 1235 2069 1272 -αεῑΙι
2097 1239 2203 1272 stro·

237 1304 347 1361 phae
384 1304 526 1346 finalis
565 1303 609 1344 in
647 1301 851 1344 membris
890 1300 1001 1342 hanc
1038 1298 1393 1356 praecedentibus
1424 1297 1619 1340 omnibus
1661 1298 1858 1341 laterales
1900 1298 2205 1341 consonantiae

237 1380 281 1414 et
318 1371 508 1414 internae
543 1368 835 1420 inveniuntur,
874 1381 1131 1423 quamquam
1168 1381 1253 1407 non
1297 1380 1463 1421 semper
1500 1370 1600 1406 sunt
1628 1365 1792 1422 plenae.
1863 1364 2205 1408 Terminationes

238 1441 348 1492 -ion,
378 1440 492 1491 -iczu,
525 1439 653 1490 -iant,
685 1438 766 1479 etsi
804 1437 858 1478 ob
889 1443 1067 1477 metrum
1096 1430 1417 1488 monosyllabae
1448 1432 1663 1488 putandae
1695 1440 1795 1475 sunt
1825 1432 1929 1488 (leg.
1965 1432 2052 1487 :jon
2089 1431 2204 1486 etc.)‚

238 1507 504 1549 constituunt
539 1511 681 1546 tamen
719 1503 955 1558 bisyllabas
987 1502 1312 1554 consonantias,
1354 1516 1451 1543 cum
1482 1499 1689 1542 accedant
1714 1499 1767 1542 ad
1797 1500 1987 1543 internas
2017 1499 2062 1541 in
2093 1498 2205 1541 voci·

237 1574 316 1616 bus
357 1572 538 1629 signatis
564 1572 811 1628 ywz'rionion
848 1571 1054 1625 ddynion,
1081 1569 1265 1625 ywyliau
1294 1568 1500 1610 mewo'liau
1537 1566 1732 1622 aliisque.
1799 1564 1966 1623 Singuli
2004 1566 2207 1609 versiculi

236 1655 498 1684 novenarum
534 1639 791 1696 syllabarum
824 1652 922 1681 esse
952 1636 1103 1680 solent.
1276 1636 1280 1639 ’

349 1708 388 1750 Ε
409 1722 524 1750 more
545 1707 726 1749 triadum
756 1705 978 1748 admodum
1011 1704 1165 1747 usitato
1198 1709 1240 1745 et
1272 1710 1437 1746 vetusto
1469 1702 1581 1758 apud
1604 1698 1814 1743 cambros
1834 1708 1927 1743 orta
1946 1707 2012 1743 est
2031 1700 2207 1757 stropha

237 1774 392 1818 certior
420 1775 633 1818 cambrica
663 1781 705 1816 et
734 1772 995 1829 frequentior
1024 1772 1216 1823 triadica,
1250 1777 1419 1814 servata
1448 1769 1491 1812 in
1512 1766 1747 1811 recentiore
1771 1767 1889 1822 poesi
1913 1768 2028 1811 iuxta
2053 1783 2206 1811 versus

236 1844 306 1886 vel
336 1842 546 1899 strophas,
579 1842 621 1884 in
653 1842 807 1898 quibus
838 1840 1118 1883 consonantia
1147 1847 1221 1881 aut
1248 1838 1529 1889 continuatur,
1562 1842 1635 1879 aut
1665 1833 1838 1889 copulat
1864 1833 1986 1877 binos
2017 1835 2206 1878 versicu-

237 1912 324 1964 los,
355 1911 567 1953 interdum
599 1910 763 1965 plures,
805 1915 888 1949 tam
919 1909 1230 1964 subsequentes
1262 1921 1386 1962 quam
1419 1905 1672 1961 disparatos.
1741 1901 2035 1945 consonantia
2063 1902 2205 1945 finalis

238 1980 303 2022 bis
334 1978 543 2035 copulans
574 1978 698 2019 binas
730 1975 866 2017 lineas
899 1974 989 2029 (vel
1020 1973 1233 2017 distichon
1256 1988 1347 2017 cuin
1377 1971 1655 2015 consonantia
1678 1969 1990 2025 contraposita)
2020 1984 2206 2014 commu-

239 2049 308 2089 nis
342 2054 408 2089 est
436 2046 572 2087 forma
602 2043 921 2099 epigrammatis
953 2041 1166 2093 cambrici‚
1199 2043 1310 2097 quod
1343 2040 1498 2082 dicitur
1524 2037 1693 2094 penum,
1724 2051 1822 2078 cum
1851 2036 1976 2079 trium
2007 2053 2206 2080 versuum

238 2114 499 2169 epigramma
536 2112 700 2153 dicatur
738 2111 895 2167 enqun.
967 2109 1260 2153 Usitatissima
1310 2116 1408 2150 sunt
1444 2106 1570 2150 hodie
1607 2119 1777 2161 quoque
1825 2103 1930 2146 haec
1960 2105 2205 2160 penuillion,

238 2180 489 2238 praesertim
529 2179 681 2235 quibus
720 2192 882 2220 morum
919 2184 1148 2234 praecepta
1183 2177 1422 2227 traduntur,
1455 2175 1566 2216 inter
1595 2171 1818 2224 Cambros,
1848 2171 1891 2213 in
1924 2172 2078 2228 quibus
2110 2187 2206 2215 esse

239 2248 455 2297 dicuntur,
494 2246 565 2302 qui
604 2252 772 2287 eentum
806 2245 875 2287 vel
905 2245 1028 2302 plura
1058 2246 1289 2301 proferant,
1319 2251 1490 2286 cantum
1521 2239 1842 2282 accuratissime
1881 2239 2041 2281 cithara
2078 2240 2206 2282 comi-

238 2323 378 2358 tantes
408 2315 480 2369 (cf.
514 2311 885 2355 Cambro-Briton
921 2315 961 2365 1,
1000 2314 1066 2354 69.
1109 2314 1179 2365 70,
1217 2312 1261 2353 in
1299 2311 1419 2353 cuius
1449 2309 1546 2351 libri
1586 2306 1878 2363 compluribus
1921 2306 2029 2349 locis
2073 2307 2207 2349 multa

240 2383 420 2425 collecta
441 2382 574 2436 sunt).
630 2380 841 2423 Versiculi
871 2381 940 2423 vel
960 2380 1232 2423 hemistichia
1260 2379 1429 2422 octonis
1461 2376 1639 2433 syllabis
1661 2382 1874 2427 constant,
1904 2374 2043 2416 rarius
2064 2375 2204 2427 nonis,

239 2459 285 2492 ut
313 2451 357 2492 in
388 2450 490 2499 hoc,
522 2449 643 2491 cuius
675 2449 887 2504 sententia
916 2457 1065 2491 contra
1094 2446 1448 2490 consuetudinem
1481 2445 1604 2487 etiam
1636 2443 1681 2485 in
1711 2442 1844 2485 altero
1876 2441 2062 2484 disticho
2102 2457 2206 2485 con·

181 2549 182 2552 =
239 2519 426 2560 tinuatur
457 2516 799 2571 (Gambro-Briu
823 2531 863 2571 p.
898 2516 992 2570 29):

440 2621 529 2668 Dyn
556 2632 579 2655 a
606 2630 699 2667 garo
724 2618 843 2666 gyrwtle
870 2631 894 2654 α
923 2619 1057 2669 tltelyn,
1078 2622 1091 2664 Η
1111 2621 1195 2654 sain
1224 2616 1476 2665 cynyhanacld,
1504 2614 1575 2651 ca'n
1604 2626 1650 2661 aq
1678 2613 1826 2662 enqun,

443 2693 470 2719 a
492 2693 564 2730 yar
591 2695 614 2730 y
637 2682 774 2729 pethaa
802 2693 921 2729 murya
949 2681 1072 2727 te'rion,
1095 2684 1107 2725 li
1127 2681 1208 2728 sgs'n
1235 2692 1258 2729 y
1285 2681 1352 2727 nef
1374 2678 1535 2726 y'mmv‘th
1562 2677 1754 2726 (mystica

452 2744 505 2781 Yr
533 2744 581 2780 ιὶη
609 2747 649 2780 ni
677 2743 787 2779 charo
817 2742 889 2780 do'n
917 2756 942 2779 a
970 2743 1142 2790 chaniad,
1163 2747 1177 2790 {l
1197 2744 1237 2779 ni
1265 2742 1370 2780 chair
1396 2741 1521 2790 ¹esndclo
1549 2753 1654 2777 naws
1683 2752 1703 2776 ο
1729 2738 1878 2787 qariad,

439 2811 485 2855 fe
514 2807 616 2844 welir
643 2806 738 2851 lzwn,
766 2812 825 2842 tra
852 2806 973 2854 byddo
1003 2806 1099 2855 byw,
1120 2811 1133 2854 fl
1153 2818 1203 2854 yn
1227 2804 1297 2852 9⁰⁴⁶·
1323 2816 1399 2852 yau
1428 2804 1541 2852 ddyn,
1569 2815 1593 2839 α
1623 2801 1708 2838 cled-s
1733 2813 1809 2850 ιφατι
1837 2800 1965 2837 dduw.

297 2905 445 2942 “Homo
474 2904 541 2954 qui
568 2908 672 2940 amat
699 2907 857 2940 crottam
889 2907 926 2939 et
953 2902 1126 2952 harpam,
1154 2913 1291 2938 sonum
1319 2900 1602 2947 consonantiae,
1633 2903 1786 2937 cantum
1809 2903 1854 2935 vet
1880 2897 2129 2947 epigramma,

293 2974 395 3005 amat
422 2979 485 3004 res
512 2967 680 3003 maxime
707 2965 905 3013 amabiles,
932 2977 1031 3014 quae
1060 2969 1149 3001 sunt
1176 2962 1216 3002 in
1244 2963 1351 3003 caelo
1378 2963 1418 2999 in
1445 2962 1574 3000 medio
1600 2961 1835 3012 angelorum.

295 3032 332 3068 ls
361 3030 464 3066 solus
491 3029 558 3077 qui
588 3040 662 3065 non
689 3031 792 3066 amat
819 3032 949 3065 tonum
980 3032 1017 3065 et
1045 3031 1213 3075 cautum,
1240 3039 1316 3065 non
1345 3030 1447 3063 amat
1472 3025 1512 3062 in
1542 3038 1582 3062 se
1610 3025 1792 3062 virtutem
1819 3022 1978 3068 ameriam

294 3092 488 3130 videbitur
515 3091 591 3137 hic,
621 3090 807 3139 quamdiu
835 3092 909 3127 erit
936 3091 1059 3137 vivus,
1090 3091 1126 3127 in
1157 3088 1244 3128 odio
1272 3102 1358 3128 cum
1386 3089 1541 3126 homine
1570 3091 1608 3126 et
1635 3083 1723 3125 odio
1751 3098 1838 3124 cum
1867 3084 1977 3122 de0.''

356 3200 506 3243 Potest
537 3200 742 3255 distingui
775 3200 949 3255 stropha
980 3199 1159 3241 triadica
1191 3197 1372 3256 simplex
1394 3204 1438 3239 et
1457 3196 1666 3252 copulata.
1719 3195 1907 3252 Simplex
1936 3193 2209 3236 constituitur

245 3270 348 3311 solis
383 3269 519 3310 tribus
550 3268 745 3310 versibus
777 3277 1046 3323 septenarum
1081 3267 1351 3322 syllabarum,
1384 3263 1625 3306 coniunctis
1664 3278 1745 3306 una
1785 3260 2085 3314 consonantia,
2124 3274 2208 3316 qua

246 3338 419 3392 stropha
457 3351 541 3378 non
582 3337 717 3378 solum
758 3335 834 3378 illa
873 3335 1198 3390 epigrammata,
1245 3348 1352 3389 quae
1392 3332 1589 3374 dicuntur
1619 3333 1856 3389 enylynion,
1889 3344 2018 3385 supra
2046 3342 2206 3371 memo·

246 3413 336 3446 rata
374 3406 435 3461 (p.
472 3404 588 3456 963),
619 3409 707 3446 tam
738 3404 970 3446 vetustiora
1005 3417 1127 3457 quam
1168 3399 1429 3452 recentiora,
1481 3398 1555 3441 sed
1594 3401 1721 3442 etiam
1769 3404 1858 3442 tota
1905 3394 2091 3441 carmina
2134 3393 2207 3436 de·
