2336 3736
587 1002 899 1089 LIBER
949 1000 1414 1089 SEXTUS.

654 1351 738 1406 DE
770 1348 1353 1408 CONSTRUCTIONE.

132 1473 256 1526 Quae
284 1474 520 1517 differentia
550 1474 754 1518 orationis
783 1473 999 1518 invenitur
1026 1474 1140 1530 apud
1167 1487 1316 1516 omnes
1342 1471 1538 1529 populos,
1569 1471 1810 1528 quicunque
1839 1488 1985 1515 monu-

22 1549 163 1584 menta
204 1541 363 1597 scripta
384 1542 680 1598 reliquerunt,
727 1548 773 1584 ut
801 1548 875 1584 aut
903 1541 957 1583 ad
986 1540 1213 1596 imaginem
1244 1539 1447 1583 cotidiani
1493 1540 1698 1582 sermonis¹
1730 1540 1788 1582 sit
1816 1555 1987 1597 compo-

21 1609 113 1663 sita,
146 1609 287 1652 soluta
317 1623 441 1665 quam
471 1609 631 1662 dicunt,
671 1609 764 1652 sive
794 1623 924 1665 prosa
960 1609 1112 1660 oratio,
1153 1614 1225 1650 aut
1262 1607 1433 1664 poetica
1469 1606 1538 1648 vel
1574 1607 1748 1648 astricta
1784 1606 1983 1657 numeris,

20 1676 165 1718 eadem
199 1675 437 1718 differentia
463 1676 545 1718 fuit
576 1676 753 1719 celticae
784 1675 1009 1729 orationis,
1042 1691 1094 1718 ex
1125 1690 1209 1731 quo
1237 1673 1391 1716 litteris
1423 1673 1611 1715 mandari
1643 1680 1794 1729 coeptu
1824 1680 1909 1725 est,
1941 1680 1986 1715 ut

21 1744 199 1786 vetustis
228 1743 315 1785 illis
345 1743 624 1799 temporibus,
657 1759 752 1786 cum
783 1743 963 1800 gallicae
994 1743 1135 1798 gentis
1167 1741 1463 1784 adulescentes
1495 1739 1747 1796 disciplinae
1777 1739 1984 1782 Druidum

18 1811 173 1864 traditi,
206 1817 253 1853 ut
274 1811 333 1853 ait
353 1809 528 1863 Caesar,
560 1825 759 1867 magnum
779 1826 1002 1853 numerum
1032 1824 1229 1851 versuum
1262 1808 1520 1859 ediscebant,
1551 1822 1658 1864 quos
1684 1807 1750 1850 fas
1781 1822 1878 1851 esse
1899 1822 1984 1849 non

19 1878 322 1921 existimabant
358 1877 513 1920 litteris
552 1877 765 1922 mandare.
833 1876 1068 1933 Utriusque
1107 1876 1311 1918 orationis
1350 1876 1589 1932 proprietas
1630 1881 1672 1916 et
1705 1875 1856 1927 forma,
1901 1881 1983 1917 tam

18 1961 170 2000 prosae
201 1945 405 1988 orationis
436 1960 559 2001 quam
589 1946 782 2003 poeticae
814 1944 1075 1989 constructio
1101 1943 1212 1999 apud
1243 1942 1417 1985 celticos
1449 1942 1643 1998 populos,
1675 1942 1839 1985 duobus
1859 1941 1985 1984 huius

18 2012 113 2054 libri
145 2012 359 2070 capitibus
391 2020 638 2068 exponetur.

733 2329 983 2384 CAPUT
1023 2326 1266 2382 PRlUS.

509 2453 585 2502 De
623 2454 987 2503 constructione
1024 2470 1197 2518 prosae
1235 2449 1490 2498 orationis.

128 2609 179 2651 In
210 2609 526 2652 constructione
558 2625 709 2666 prosae
742 2610 946 2653 orationis
979 2609 1046 2652 vel
1077 2607 1343 2650 ordinatione
1376 2621 1527 2648 vocum
1557 2608 1648 2649 sive
1680 2607 1857 2664 partium
1889 2623 1983 2650 ora-

16 2675 144 2718 tionis
178 2691 251 2732 per
281 2677 515 2720 sentent-ias
546 2678 778 2734 simplices,
808 2678 1013 2734 duplices,
1046 2675 1303 2731 multiplices
1323 2674 1436 2716 facta
1456 2674 1689 2716 secundum
1719 2689 1982 2718 communem

17 2744 226 2785 sermonis
258 2744 622 2797 consuetudinem,
658 2745 797 2787 soluta
826 2744 1013 2786 numeris
1046 2750 1088 2785 et
1118 2742 1253 2784 modis
1277 2741 1480 2783 orationis
1500 2742 1709 2798 poeticae,
1740 2743 1983 2786 celticarum

17 2824 117 2867 prae
149 2811 303 2853 ceteris
334 2812 531 2854 omnibus
560 2812 801 2867 linguarum
832 2811 1067 2868 percipitur
1087 2810 1325 2866 proprietas
1357 2809 1442 2859 illa,
1475 2823 1558 2864 qua
1589 2809 1715 2851 certis
1746 2812 1983 2854 sententiae

17 2877 123 2919 locis
153 2877 254 2934 poni
287 2878 427 2920 solent
461 2879 720 2935 principales
758 2886 902 2935 partes
942 2877 1158 2920 orationis.
1226 2875 1452 2918 Accedunt
1479 2876 1759 2932 proprietates
1796 2878 1982 2934 ipsarum

18 2945 197 2999 partium
218 2945 421 2988 orationis
443 2946 758 3003 principalium,
792 2945 978 2987 nominis
1009 2944 1077 2986 vel
1099 2943 1360 3000 pronominis
1393 2949 1434 2984 et
1466 2943 1594 2991 verbi,
1626 2950 1708 2984 tam
1732 2944 1850 3000 leges
1883 2961 1983 2988 con-

21 3011 282 3065 structionis,
314 3019 387 3054 aut
415 3014 720 3068 congruentiae
743 3019 814 3055 aut
833 3012 1048 3062 rectionis
1084 3026 1204 3065 quam
1229 3010 1466 3066 proprietas
1488 3011 1822 3054 consuetudinis.
1861 3012 1982 3065 Quae

21 3077 73 3118 de
105 3078 417 3133 particularum,
449 3080 743 3123 adverbiorum
778 3080 845 3122 vel
882 3078 1241 3135 praepositionum
1283 3084 1325 3118 et
1354 3078 1719 3132 coniunctionum,
1759 3094 1808 3121 ac
1838 3094 1982 3121 nume-

20 3143 168 3186 ralium
199 3146 516 3189 constructione
546 3147 686 3189 minus
718 3145 951 3202 singularia
981 3145 1062 3187 hoc
1093 3146 1256 3186 demum
1286 3144 1381 3186 loco
1413 3145 1566 3201 exponi
1599 3146 1749 3197 solent,
1782 3161 1910 3202 supra
1937 3147 1981 3187 in

17 3211 227 3265 capit-ibus
262 3213 312 3254 de
342 3212 429 3255 illis
469 3214 674 3256 orationis
713 3213 904 3270 partibus
943 3213 1098 3253 tradita
1136 3218 1254 3262 sunt,
1307 3218 1352 3252 ut
1390 3221 1505 3253 esset
1541 3212 1581 3253 iu
1622 3212 1754 3253 isdem
1796 3212 1901 3254 locis
1940 3220 1981 3254 et

16 3277 236 3320 formarum
278 3287 320 3321 et
356 3281 642 3336 exemplorum
685 3288 956 3337 conspectus.
1024 3278 1147 3331 Quae
1193 3294 1290 3320 vero
1342 3279 1381 3319 in
1419 3277 1539 3320 libris
1579 3279 1864 3334 grammaticis
1907 3279 1980 3320 ho-

19 3344 186 3387 diernae
217 3346 389 3402 linguae
421 3347 462 3388 in
497 3357 615 3403 parte
646 3349 699 3390 de
731 3347 900 3405 syntaxi
925 3349 1192 3403 proferuntur
1224 3347 1275 3387 de
1306 3346 1534 3387 infectione
1566 3361 1844 3388 consonarum
1867 3345 1981 3400 prin-

17 3411 227 3467 cipalium,
261 3413 431 3470 eclipsi,
470 3414 635 3457 articuli
674 3415 820 3457 formis
861 3421 961 3467 etc.,
1002 3429 1052 3457 ea
1084 3415 1296 3471 pertinent
1335 3414 1386 3455 ad
1418 3413 1648 3455 doctrinam
1682 3413 1733 3455 de
1765 3412 1881 3455 sonis
1914 3410 1980 3454 vel
