2336 3736
738 1034 1028 1108 LIBER
1068 1033 1466 1108 PRIMUS.

935 1318 1023 1372 DE
1057 1318 1272 1374 SONlS.

232 1429 337 1476 Soni
365 1431 536 1489 linguae
566 1428 754 1484 celticae,
786 1445 894 1488 quae
925 1436 991 1473 est
1020 1446 1075 1473 ex
1093 1446 1268 1473 numero
1298 1430 1536 1486 linguarum
1563 1430 1698 1472 Asiae
1728 1436 1770 1472 et
1798 1429 1997 1486 Europae
2028 1428 2080 1472 ab

120 1499 266 1542 eadem
303 1500 466 1557 origine
505 1499 805 1557 profecturum,
843 1499 888 1540 in
925 1498 1020 1541 aliis
1058 1498 1228 1554 quidem
1266 1498 1529 1541 concordans
1568 1513 1661 1540 cum
1691 1497 1864 1550 ceteris,
1901 1496 1947 1540 in
1988 1496 2083 1539 aliis

118 1566 295 1623 propria
332 1573 376 1610 et
405 1567 471 1610 sui
501 1567 690 1623 generis,
728 1580 980 1622 quamquam
1009 1564 1107 1622 ipsa
1136 1579 1324 1622 quoque,
1362 1580 1417 1608 ex
1446 1580 1528 1622 quo
1561 1566 1721 1622 scripta
1758 1570 1903 1607 extant
1937 1579 2081 1606 monu-

119 1639 273 1688 menta,
303 1635 349 1677 in
380 1635 461 1677 duo
492 1635 715 1678 formarum
746 1648 904 1690 genera
932 1632 1072 1675 divisa
1102 1639 1180 1686 est,
1210 1633 1388 1676 alterum
1416 1632 1690 1686 hibernicum,
1722 1633 1897 1675 alterum
1925 1630 2085 1674 britan-

119 1703 262 1745 nicum
292 1703 587 1759 gallicumque,
620 1701 730 1744 sicut
759 1701 906 1756 lingua
933 1700 1032 1756 ipsa
1061 1701 1198 1743 omnis
1228 1716 1321 1743 cum
1342 1701 1541 1743 universe
1574 1705 1809 1757 congruant
1839 1715 1932 1743 cum
1964 1696 2084 1740 sonis

121 1776 356 1814 ceterarum
383 1769 623 1826 linguarum
661 1768 870 1821 affinium,
901 1767 1072 1825 proprie
1110 1774 1252 1810 tamen
1280 1768 1513 1811 formantur
1549 1784 1600 1811 ac
1628 1774 1841 1811 mutantur
1879 1767 1968 1809 suis
2000 1765 2084 1807 viis

122 1844 165 1880 et
193 1837 375 1894 legibus.
436 1836 627 1891 Quorum
658 1851 858 1879 sonorum
886 1841 972 1879 tam
1001 1836 1191 1892 origines
1222 1851 1347 1892 quam
1376 1836 1637 1879 formationis
1668 1837 1787 1893 leges
1810 1849 1968 1887 eruere,
2002 1832 2085 1875 ele-

121 1911 264 1948 menta
291 1905 420 1962 igitur
450 1911 492 1947 et
521 1905 644 1961 quasi
675 1904 855 1946 stamina
883 1904 1055 1960 linguae
1086 1904 1326 1961 utriusque,
1356 1902 1602 1947 hibernicae
1633 1910 1676 1946 et
1706 1903 1985 1955 britannicae,
2019 1915 2091 1942 ex-

122 1987 283 2029 ponere
315 1972 577 2030 propositum
605 1971 731 2015 nobis
763 1978 830 2014 est
856 1971 938 2015 hoc
966 1971 1074 2014 libro
1107 1971 1252 2028 primo,

235 2039 444 2101 Sonorum
474 2039 598 2096 signa
626 2041 653 2083 i.
682 2056 719 2083 e.
749 2039 936 2092 litterae,
975 2054 1028 2081 ex
1059 2054 1142 2096 quo
1169 2030 1259 2081 fere
1287 2039 1509 2082 traduntur
1538 2039 1719 2094 gallicae
1750 2052 1882 2080 voces
1912 2035 1981 2078 vel
2010 2050 2088 2077 no-

122 2107 238 2150 mina
266 2123 291 2149 a
309 2106 528 2160 Romanis,
565 2123 731 2165 semper
761 2123 814 2150 ex
836 2123 919 2165 quo
947 2106 1118 2150 transiit
1147 2106 1379 2149 christiana
1397 2107 1547 2163 religio
1578 2122 1604 2149 a
1623 2105 1828 2148 Romanis
1850 2104 1903 2147 ad
1925 2103 2089 2155 Gallos,

122 2173 366 2228 Britannos,
397 2173 638 2228 Hibemos‚
677 2190 852 2219 romana
881 2181 981 2217 sunt
1008 2173 1076 2217 vel
1106 2174 1255 2228 latina,
1294 2189 1402 2232 quae
1433 2175 1545 2231 apud
1574 2174 1794 2216 Hibernos
1823 2173 1907 2214 iam
1937 2168 2035 2212 inde
2065 2185 2092 2212 a

123 2241 295 2283 saeculo
327 2241 472 2297 quinto
502 2243 672 2299 proprie
701 2243 879 2286 formata
907 2249 950 2285 et
977 2248 1247 2298 transgressa
1276 2243 1329 2284 ad
1349 2242 1517 2298 Anglos
1549 2247 1591 2284 et
1611 2241 1806 2285 Saxones
1835 2254 1990 2282 nomen
2020 2253 2088 2280 ac-

127 2313 332 2364 ceperunt
361 2308 620 2353 litteraturae
641 2309 1012 2367 anglosaxonicae.
1071 2308 1186 2351 Ante
1214 2310 1377 2353 litteras
1406 2311 1484 2353 has
1514 2326 1540 2352 a
1559 2308 1764 2352 Romanis
1797 2306 1975 2349 traditas
2006 2305 2091 2347 cel-

122 2375 219 2418 ticis
251 2391 420 2432 quoque
449 2376 620 2432 populis
657 2393 775 2421 suam
805 2377 940 2419 fuisse
969 2375 1219 2433 scripturam
1247 2378 1396 2420 testari
1427 2377 1593 2420 videtur
1623 2391 1776 2418 nomen
1811 2374 1949 2430 Oymz'c'
1986 2372 2090 2415 Gral-

122 2442 257 2485 lorum
288 2443 368 2497 dei,
401 2444 473 2501 qui
495 2445 702 2487 sermonis
733 2459 909 2502 praeses
929 2442 1186 2501 perhibetur,
1220 2444 1459 2487 etiamnunc
1481 2449 1693 2487 servatum
1724 2442 1836 2500 apud
1855 2440 2088 2493 Hibernos,

123 2510 278 2566 quibus
321 2511 452 2567 Oyma
495 2504 798 2567 (τ’Όγμιος)
839 2511 1070 2568 scripturae
1106 2509 1304 2553 inventor
1342 2522 1425 2565 est,
1471 2511 1601 2566 Oyam
1639 2510 1856 2566 (Oqlcam,
1902 2507 2088 2564 Gyhum)

122 2577 263 2633 ipsius
295 2578 529 2634 scripturae
560 2584 753 2621 vetustae
783 2579 998 2635 proprium
1030 2593 1186 2634 genus,
1227 2585 1268 2620 et
1298 2579 1341 2620 in
1370 2578 1551 2620 vetustis
1581 2577 1771 2633 lapidum
1799 2575 2091 2631 inscriptioni-

123 2644 204 2689 bus,
232 2650 444 2701 repertum
475 2650 517 2688 et
537 2645 751 2702 cognitum
782 2645 972 2688 codicum
1002 2653 1241 2688 nostrorum
1272 2644 1429 2688 saeculi
1461 2645 1564 2687 noni
1587 2642 1903 2700 scriptoribus?
1959 2643 2090 2699 Apud

216 2814 232 2830 ⁸
257 2813 308 2849 cf.
334 2815 476 2858 praefat.
501 2814 543 2848 de
567 2814 640 2848 cod.
664 2814 891 2859 Sangallensi.
940 2815 988 2849 De
1018 2814 1134 2860 Oyma,
1161 2813 1320 2849 Elathani
1345 2812 1425 2854 filio,
1450 2812 1640 2856 scripturae
1663 2812 1845 2846 inventore
1869 2810 1910 2844 cf.
1936 2820 2024 2855 quae
2046 2820 2089 2842 ex

127 2861 238 2893 vetere
267 2859 380 2893 codice
412 2860 586 2893 hibernico
616 2860 765 2905 prodidit
796 2860 1000 2895 O'Donovan
1040 2860 1210 2902 (Gramm.
1243 2859 1322 2903 ling.
1348 2859 1478 2892 hibern.
1511 2858 1700 2891 Introduct.
1736 2856 1917 2897 XXVIII,
1948 2857 2018 2889 not.
2044 2857 2089 2896 e).

124 2904 197 2938 Scri
225 2907 304 2939 tura
327 2906 461 2950 ogmica
485 2906 610 2939 codicis
643 2905 699 2950 Sg.
726 2907 778 2939 est
802 2907 934 2949 generis
959 2907 1106 2939 maxime
1132 2905 1324 2939 communis
1348 2904 1438 2944 eius,
1471 2903 1562 2948 quod
1595 2903 1750 2946 depingit
1781 2900 1906 2937 O’Don.
1939 2900 2088 2942 (Introd.

125 2948 190 2984 XL
226 2950 273 2991 ΙΙ)
304 2955 339 2985 et
361 2950 572 2995 appellatum
603 2950 687 2984 dicit
723 2950 852 2995 Oqleam
879 2950 1005 2984 crecobh
1037 2951 1286 2995 (“virgulare“‚
1321 2949 1420 2983 modo
1451 2950 1618 2983 iacentem
1652 2959 1672 2981 a
1696 2947 1836 2981 sinistra
1866 2947 1908 2980 ad
1933 2947 2088 2980 dextram

125 2995 410 3030 combinationem
444 3005 578 3030 omnem
610 2996 646 3029 in
671 2997 779 3030 altum
812 2997 974 3039 erexeris;
1010 2996 1146 3037 θναοὸΙι,
1172 2997 1298 3036 arbor).
1359 2995 1420 3028 Est
1443 2997 1558 3028 autem
1590 2994 1704 3038 potius
1729 2993 1857 3026 lineare
1881 2993 1943 3026 hoc
1968 3001 2087 3036 genus,

125 3049 206 3075 cnm
230 3041 273 3076 ad
297 3041 423 3075 lineam
447 3044 538 3075 recte
563 3041 704 3075 ductam
729 3044 851 3086 utpote
875 3043 1135 3076 fundamentum
1162 3042 1205 3075 ab
1228 3044 1377 3086 utraque
1393 3043 1501 3085 parte,
1527 3039 1615 3073 infra
1638 3042 1672 3073 et
1689 3049 1803 3082 supra,
1830 3037 1972 3071 lineolae
1995 3038 2087 3077 item,

126 3088 164 3120 et
187 3085 280 3121 vario
304 3097 446 3121 numero
469 3089 505 3122 et
528 3086 713 3120 directione
741 3088 834 3121 varia
857 3087 991 3122 litteras
1019 3088 1126 3121 varias
1151 3088 1387 3130 designantes,
1421 3085 1646 3125 adhaereant,
1679 3094 1766 3129 quas
1791 3084 1960 3117 linearum
1986 3083 2087 3115 catel-

125 3131 177 3166 las
213 3130 268 3166 dei
290 3132 401 3175 Ogmii
433 3132 563 3166 catellis
594 3133 736 3167 forsitan
766 3132 894 3177 aliquis
927 3132 1182 3177 comparaverit.
1241 3131 1288 3165 De
1313 3131 1375 3165 deo
1400 3131 1519 3177 Ogmio
1548 3131 1648 3174 plura
1673 3130 1833 3174 leguntur
1857 3128 1951 3173 apud
1966 3127 2089 3162 Lucia-

127 3187 211 3211 num
236 3176 303 3219 (ed.
321 3177 420 3211 Dind.
448 3189 480 3221 p.
503 3180 579 3211 598.
600 3179 702 3219 599.),
727 3177 785 3222 qui
810 3189 888 3212 eum
912 3179 996 3212 dicit
1019 3179 1055 3211 in
1080 3177 1191 3222 figura
1208 3177 1362 3211 Herculis
1387 3176 1571 3221 depictum,
1598 3177 1748 3209 attamen
1773 3184 1928 3207 sermone
1954 3175 2089 3206 tantum

126 3225 164 3257 et
186 3223 404 3267 persuasione
428 3223 561 3265 fortem,
586 3233 719 3264 senem,
747 3223 936 3257 trahentem
962 3223 1100 3257 turbam
1125 3223 1294 3257 catenulis
1318 3222 1429 3256 aureis
1454 3224 1488 3254 et
1512 3220 1681 3254 succ-ineis
1705 3231 1722 3253 e
1746 3220 1864 3263 lingua
1888 3229 1952 3252 sua
1975 3218 2089 3252 ductis

127 3267 170 3301 ad
203 3278 301 3302 aures
333 3268 530 3303 auditorum
565 3268 714 3303 libenter
745 3268 972 3313 sequentium.
1037 3269 1089 3302 En
1119 3268 1260 3302 Luciam·
1291 3267 1396 3302 verba
1434 3267 1523 3310 ipsa:
1581 3265 1655 3298 Τὸν
1676 3264 1859 3307 Ἠρακλέα
1893 3265 1926 3297 οἱ
1957 3267 2088 3298 Κελτοὶ

120 3311 312 3357 ’Όγμιον
337 3314 560 3356 ὀνομάζουσι
583 3316 689 3361 ᾳωνῂ
708 3316 748 3362 τῇ
767 3317 963 3368 ἐηιχιυρίῳῖ
991 3314 1028 3347 τό
1047 3317 1086 3348 ‹le'
1107 3311 1203 3351 εἶδος
1221 3315 1283 3348 τοῦ
1305 3315 1393 3347 {noi}
1412 3311 1511 3345 πάνυ
1527 3310 1726 3345 ἀλλόκοτον
1744 3307 1945 3354 γράᾳιουφ.
1970 3312 2089 3352 γέρων

128 3358 229 3392 ἐστὶν
263 3357 386 3397 αὐτοῖς
418 3359 454 3396 ἐς
484 3357 524 3393 τὸ
555 3359 711 3403 ἔσχατον
731 3384 764 3392 ..
784 3382 791 3390 .
815 3361 869 3392 καὶ
902 3373 1026 3393 namu
1062 3361 1208 3402 μᾶλλον
1239 3355 1459 3401 ἢἹΙριικλία
1493 3353 1582 3392 εἶναι
1612 3353 1659 3391 «ἲν
1685 3352 1879 3393 εἰκάσειας.
1910 3354 2002 3387 ἀλλὰ
2027 3357 2088 3387 καὶ

128 3405 294 3443 τοιοῦιος
328 3401 380 3438 ὢν
411 3404 481 3449 ἔχει
517 3401 618 3450 ὅμως
651 3403 716 3447 ῐῆν
741 3403 878 3446 σκευὴν
906 3407 972 3439 τοῦ
992 3403 1221 3453 Ἡρακλέους.
1263 3406 1324 3439 καὶ
1356 3403 1431 3448 γάρ
1457 3402 1525 3444 ιῆν
1549 3403 1737 3447 διφθέραν
1762 3401 1911 3442 ἐνῆπται
1936 3398 2002 3443 τὴν
2026 3401 2089 3434 τοῦ

222 3473 346 3512 Zet-ss,
372 3483 509 3506 enaim.
540 3482 643 3510 cem.
691 3473 759 3507 En,
783 3471 826 3506 ΙΙ.
1798 3471 1815 3501 1
