2336 3736
226 226 365 270 XXII
418 227 748 271 (XXIX—XXXI)
965 239 1219 271 mmmm-10
1249 238 1485 271 Auc‘roms.

227 350 350 394 Rmo.
375 351 543 405 donato,
574 350 891 409 perhumaniter
920 351 1106 393 oblatum
1135 350 1270 394 fuisse
1299 366 1411 394 anno
1437 353 1543 394 1606
1574 351 1767 394 Antonio
1788 350 1976 407 Olgiato,
2008 352 2080 408 qui
2110 353 2197 408 pri-'-

228 439 323 467 mus
354 440 447 467 eam
476 423 776 467 bibliothecam
808 424 1017 477 tractavit,
1048 417 1289 480 praefecto.³

339 498 631 541 {inventarium
661 497 864 539 librorum
893 496 1141 540 monasterii
1161 494 1391 539 Bobiensis
1426 497 1663 540 confectum
1693 513 1729 539 a.
1757 499 1863 540 1461
1898 503 1941 539 et
1962 497 2120 540 editum
2142 499 2196 540 ab

231 572 286 615 A.
318 570 493 628 Peyron
521 571 566 613 in
596 569 735 612 Praef.
769 570 822 612 ad
852 568 992 612 Cicer.
1025 568 1160 612 Oratt.
1190 568 1336 625 fragm.
1369 570 1542 622 inedita,
1576 569 1715 626 Stutg.
1752 571 1872 624 1824,
1903 570 2011 613 haec
2041 571 2094 613 de
2125 565 2196 614 co*—

226 645 316 687 dice
345 644 494 696 refert,
535 658 645 699 quae
687 643 949 686 conveniunt
987 657 1079 685 cum
1119 642 1394 685 adnotatione
1433 643 1608 699 antiqua
1645 644 1690 684 in
1729 643 1878 686 codice
1913 643 2009 700 ipso
2047 643 2196 700 (Peyr.

225 734 295 774 pp.
321 718 387 759 26.
415 716 535 771 188):
579 712 649 758 ‘In
669 716 751 759 hoc
771 716 986 759 volumine
1018 716 1257 758 continetur
1276 715 1532 772 Hieronymi
1562 717 1802 772 presbyteri
1824 717 2038 773 expositio
2069 731 2200 774 super

226 790 479 846 psalterium
509 805 595 832 non
624 797 766 832 tamen
804 805 829 832 a
856 789 994 846 primo
1025 789 1190 846 psalmo
1220 788 1340 844 prius
1369 788 1601 846 incipiens,
1643 789 1720 831 sed
1750 789 1959 845 quosdam
1988 789 2101 833 alios
2132 790 2198 833 in—

226 864 384 905 directe
414 864 532 919 prius
565 863 793 905 disserens.
827 863 981 906 deinde
1011 862 1064 905 ad
1095 862 1351 918 psalmorum
1382 861 1575 904 ordinem
1602 862 1645 903 id
1673 868 1741 905 est
1771 878 1796 904 a
1815 862 1952 919 primo
1981 863 2197 919 incipiens

225 945 266 978 et
296 937 462 978 demum
493 937 803 992 subsequenter
839 935 885 977 in
916 934 1183 991 expositione
1213 934 1451 991 procedens
1490 948 1625 990 usque
1664 934 1719 978 ad
1747 936 1874 978 finem
1907 935 2113 991 psalterii.
2151 936 2196 977 in

224 1010 366 1052 littera
394 1009 656 1064 langobarda
687 1009 792 1051 satis
824 1008 998 1064 legibili.
1040 1009 1144 1050 satis
1185 1007 1329 1064 magni
1369 1001 1535 1049 volum?
1596 1006 1728 1050 Hunc
1764 1015 1907 1052 tamen
1938 1017 2196 1052 commenta-

222 1084 331 1125 rium
353 1081 617 1137 Hieronymo
648 1096 735 1123 non
765 1096 895 1138 posse
924 1081 1065 1129 tribui,
1097 1087 1182 1123 tam
1202 1080 1463 1123 Muratorius
1494 1080 1675 1133 censuit,
1708 1081 1780 1136 qui
1800 1081 1963 1137 primus
1985 1081 2195 1138 quaedam

226 1156 464 1213 specimina
495 1155 586 1197 eius
619 1155 753 1196 edidit
783 1154 952 1210 (Antiq.
985 1154 1080 1196 Ital.
1102 1154 1185 1207 111,
1220 1169 1261 1210 p.
1283 1155 1365 1196 859
1388 1153 1489 1210 sq.)‚
1522 1167 1648 1209 quam
1669 1152 1908 1197 Vallarsius
1941 1169 2117 1211 operum
2150 1153 2196 1199 S.

225 1228 479 1284 Hieronymi
513 1228 660 1281 editor,
695 1228 764 1284 qui
797 1228 918 1284 plura
949 1227 1074 1269 etiam
1106 1228 1158 1269 de
1189 1242 1239 1269 eo
1271 1227 1419 1270 codice
1446 1225 1648 1268 disseruit
1677 1226 1742 1280 (in
1771 1226 1910 1270 Praef.
1943 1228 1998 1271 ad
2016 1229 2198 1285 Appen-

223 1303 359 1345 dicem
401 1302 506 1343 tomi
537 1300 644 1355 VII,
691 1317 761 1357 pp.
792 1299 892 1342 XX.
921 1299 1056 1355 XXI)
1097 1307 1139 1342 et
1177 1299 1442 1343 Columbano
1482 1299 1829 1342 commentarium
1867 1300 2199 1344 adscribendum

225 1376 419 1419 credidit.
481 1376 625 1431 Atque
656 1374 838 1417 assentit
865 1374 911 1415 in
939 1372 1021 1414 hac
1047 1387 1092 1416 re
1113 1374 1168 1415 A.
1190 1373 1360 1429 Peyron
1378 1373 1426 1428 (l.
1449 1387 1485 1415 c.
1516 1388 1557 1428 p.
1584 1372 1699 1427 189),
1731 1372 1875 1415 stilum
1905 1374 2198 1417 commentarii

223 1455 531 1492 consonantem
563 1463 660 1490 cum
692 1448 789 1490 stilo
821 1462 996 1503 operum
1026 1446 1081 1488 D.
1105 1446 1362 1489 Oolumbani
1395 1446 1555 1488 dicens.
1615 1445 1740 1488 Haec
1759 1446 1948 1490 virorum
1976 1447 2197 1491 doctorum

221 1522 393 1565 arbitria
423 1528 540 1564 recta
571 1522 849 1577 apparebunt,
882 1520 920 1562 si
952 1519 1225 1562 conferuntur
1255 1535 1363 1575 quae
1395 1519 1446 1561 de
1470 1517 1737 1562 Columbano
1769 1519 1908 1562 adhuc
1927 1519 2084 1562 iuvene
2116 1520 2195 1562 sub

220 1597 423 1652 magistro
465 1595 610 1638 Silene
650 1595 877 1649 diligenter
913 1594 957 1634 in
998 1594 1150 1636 studiis
1182 1599 1366 1635 navante
1406 1599 1548 1634 narrat
1585 1598 1734 1634 auctor
1762 1592 1890 1635 Vitae
1932 1592 2025 1635 eius
2064 1592 2197 1649 Ionas

222 1669 451 1713 Bobieusis
484 1670 570 1711 fere
602 1668 796 1724 aequalis
829 1666 1014 1719 (Mabill.
1046 1667 1160 1709 Acta
1190 1665 1365 1719 Bened.,
1399 1681 1509 1707 saec.
1533 1667 1572 1718 2,
1596 1665 1662 1719 6);
1706 1661 1907 1708 ‘Tantum
1938 1653 2210 1709 Columbani-

223 1745 266 1785 in
297 1750 469 1800 pectore
503 1741 738 1783 divinarum
778 1739 964 1781 thesauri
997 1739 1303 1795 scripturarum
1334 1738 1496 1781 conditi
1526 1739 1797 1792 tenebantur,
1840 1745 1885 1780 ut
1911 1739 2023 1782 intra
2054 1738 2198 1782 adole-

224 1816 414 1859 scentiae
452 1821 634 1857 aetatem
680 1815 876 1855 detentus
918 1812 1232 1869 psalmorum
1272 1812 1464 1854 librum
1503 1811 1718 1853 elimato
1761 1826 2006 1855 sermone
2038 1827 2198 1868 expo·

220 1896 392 1941 neret3
424 1888 640 1943 multaque
663 1888 759 1940 alia,
793 1902 901 1943 quae
932 1886 1000 1927 vel
1032 1886 1084 1927 ad
1107 1892 1278 1927 cantum
1300 1884 1430 1940 digna
1460 1885 1527 1926 vel
1557 1884 1611 1926 ad
1632 1884 1875 1927 docendum
1904 1883 2038 1938 utilia,
2071 1899 2197 1927 con-

222 1962 358 2004 didit
389 1955 563 2003 dicta'.
638 1959 804 2002 Horum
835 1964 960 2001 unum
1002 1959 1054 2000 de
1087 1958 1390 2001 commentario
1421 1958 1465 1999 in
1496 1957 1703 2014 psalmos,
1741 1956 1922 2000 alterum
1959 1958 2013 2000 de
2051 1972 2197 2000 mono-

221 2034 370 2078 stichis
403 2034 494 2076 eius
527 2034 663 2076 adhuc
696 2033 939 2076 extantibus
977 2033 1069 2089 (pp.
1102 2033 1198 2073 945.
1237 2031 1339 2085 946)
1381 2029 1726 2086 carminibusque
1757 2030 1918 2073 dictum
1948 2045 2046 2074 esse
2091 2031 2197 2074 satis

219 2114 346 2165 patet.
418 2110 486 2150 Ab
518 2106 784 2162 Hieronymo
827 2107 987 2162 scripta
1025 2104 1232 2161 quaedam
1272 2104 1318 2146 in
1348 2103 1496 2159 primis
1529 2102 1692 2145 codicis
1729 2103 1903 2159 paginis
1945 2102 2196 2160 praemissa,

219 2181 375 2237 glossis
407 2181 506 2222 item
540 2181 772 2223 hibernicis
806 2181 1036 2229 instructa,
1070 2192 1201 2220 causa
1228 2176 1386 2218 fuerint
1416 2176 1543 2219 etiam
1575 2176 1890 2230 commentarii,
1940 2175 2014 2232 qui
2042 2175 2198 2232 incipit

220 2271 244 2295 a
273 2254 373 2296 folio
408 2255 473 2307 14,
505 2254 540 2295 ei
575 2253 859 2295 adscribendi.

333 2327 440 2370 Eius
463 2327 753 2369 commentarii
777 2325 988 2368 enarratio
1011 2323 1134 2381 primi
1157 2323 1309 2379 psalmi
1337 2337 1433 2364 cum
1455 2322 1613 2378 glossis
1635 2322 1727 2364 suis
1749 2321 1984 2365 hibernicis
2006 2321 2198 2377 sequitur

218 2402 261 2442 in
283 2401 534 2457 appendice.
573 2400 621 2442 In
644 2400 860 2444 reddendo
883 2405 1001 2442 textu
1022 2396 1168 2449 latino,
1193 2411 1319 2452 quem
1340 2395 1512 2438 nonnisi
1534 2396 1577 2436 in
1601 2394 1805 2450 glossatis
1827 2394 1935 2437 locis
1953 2394 2198 2450 exscripse-

218 2489 318 2526 ram,
340 2489 421 2515 nec
441 2473 665 2515 Muratorii
686 2473 922 2530 specimine
943 2485 1025 2513 nec
1047 2468 1248 2512 vallarsii
1271 2468 1364 2524 (qui
1386 2469 1517 2510 multa
1537 2468 1725 2524 pessime
1746 2467 1871 2523 legit)
1893 2473 2056 2510 textum
2078 2466 2197 2510 codi-

219 2547 281 2588 cis
304 2547 409 2588 satis
429 2554 625 2588 accurate
648 2546 924 2601 exprimente,
947 2542 1053 2586 illud
1067 2541 1294 2584 Muratorii
1317 2541 1448 2583 multo
1471 2541 1618 2597 purius
1640 2539 1869 2596 plurimum
1892 2546 2065 2583 secutus
2088 2553 2194 2582 sum·

332 2618 535 2661 Codicem
573 2614 949 2667 ‘vetustissimum,
992 2607 1345 2671 antiquissimum'
1381 2613 1485 2655 dicit
1524 2612 1787 2655 Mur-atorius
1828 2615 1919 2669 (pp.
1952 2613 2048 2655 859.
2078 2611 2197 2666 871),

219 2708 342 2748 quem
376 2692 578 2735 describit
613 2693 667 2733 A.
701 2690 872 2746 Peyron
901 2690 961 2731 ita
990 2689 1051 2744 (p.
1079 2688 1201 2743 188):
1253 2681 1628 2729 ‘Membranaceus
1660 2699 1772 2727 saec.
1805 2683 1935 2737 V1113
1975 2684 2196 2727 character

222 2767 522 2821 longobardus,
556 2781 650 2815 seu,
684 2764 745 2805 uti
776 2778 890 2814 reor,
925 2761 1152 2803 saxonicus
1184 2760 1237 2801 ad
1265 2774 1485 2802 romanum
1522 2758 1602 2799 iam
1636 2758 1874 2822 inclinan83
1911 2752 2040 2800 folio.'
2116 2756 2199 2799 Est

220 2838 441 2880 character
485 2839 753 2888 hibernicus,
797 2842 842 2877 ut
878 2842 977 2877 sunt
1006 2832 1252 2875 hibernicae
1286 2831 1478 2886 glossae,
1520 2845 1628 2887 quae
1668 2837 1810 2872 tamen
1849 2829 2013 2872 calamo
2057 2829 2197 2871 minus

230 2928 336 2967 puro
372 2912 437 2953 vel
469 2917 592 2953 acuto
626 2910 667 2951 in
702 2909 822 2950 initio
855 2908 997 2963 operis
1029 2913 1226 2948 exaratae
1258 2910 1374 2955 sunt,
1414 2904 1474 2944 ita
1504 2910 1550 2944 ut
1577 2903 1789 2945 interdum
1819 2917 1947 2958 aegre
1982 2902 2071 2956 legi
2099 2915 2200 2957 pos-

226 2984 328 3037 sint,
364 2985 535 3039 puriore
568 3000 668 3024 vero
702 2982 919 3036 deinceps.
988 2979 1150 3022 Omnes
1180 2978 1258 3019 has
1290 2977 1459 3031 glossas
1490 2977 1661 3030 assequi
1698 2990 1779 3017 nec
1816 2974 1932 3017 volui
1971 2973 2201 3030 (quaedam

230 3057 394 3098 scilicet
425 3057 600 3097 mineris
634 3056 888 3097 videbantur
918 3053 1141 3105 momenti>
1180 3065 1261 3092 nec
1291 3049 1432 3105 potui,
1472 3048 1666 3104 quamvis
1698 3047 1813 3089 adfui
1851 3047 1918 3090 bis
1948 3046 2198 3099 Mediolani,

227 3135 271 3169 ut
302 3131 459 3184 potirer
490 3129 726 3183 glossarum
761 3127 885 3181 copia
916 3126 1041 3167 etiam
1074 3124 1199 3166 huius
1222 3122 1398 3164 codicis.
1458 3120 1588 3162 Adfui
1622 3120 1730 3162 enim
1754 3119 1939 3161 infausto
1971 3125 2084 3162 astro
2113 3125 2199 3161 tam

229 3202 364 3257 prima
392 3201 506 3253 vice,
541 3217 634 3243 cum
666 3202 717 3242 ob
751 3213 1030 3254 congressum
1061 3197 1278 3238 doctorum
1309 3194 1463 3236 Italiae
1493 3193 1679 3235 virorum
1710 3191 1970 3235 bibliotheca
2006 3206 2093 3234 non
2123 3207 2198 3248 pa-

222 3281 330 3316 teret
358 3274 650 3316 laborantibus
683 3274 759 3315 sed
793 3268 1100 3321 visitantibus,¹¹·‘
1137 3283 1262 3324 quam
1294 3268 1429 3309 altera
1460 3265 1554 3308 vice
1585 3280 1732 3307 mense
1764 3266 1962 3319 Augusto
2002 3279 2040 3306 a.
2074 3264 2197 3317 1846,

312 3387 327 3404 *
353 3386 527 3427 Quantum
562 3388 634 3419 tum
667 3384 765 3418 licuit
795 3384 846 3417 uti
877 3383 993 3417 codice
1023 3391 1159 3415 carmen
1194 3380 1326 3423 primae
1359 3379 1507 3422 Paginae
1542 3377 1709 3421 descripsi
1741 3379 1777 3411 et
1806 3374 1973 3421 quasdam
1998 3386 2060 3420 per
2083 3377 2197 3409 totum

221 3444 393 3485 codicem,
428 3447 466 3476 ut
490 3444 700 3476 obvenerunt
725 3441 880 3481 fortuito,
921 3440 1040 3483 collegi
1064 3439 1216 3483 glossas,
1260 3447 1348 3479 quae
1384 3436 1420 3469 in
1447 3437 1507 3469 hoc
1533 3446 1635 3479 opere
1659 3434 1753 3467 nudo
1777 3435 1877 3477 signo
1901 3433 1958 3468 Ml.
1982 3430 2198 3476 significatae

219 3502 323 3541 sunt,
355 3509 425 3533 nou
454 3499 580 3532 notatis
605 3497 738 3542 paginis
762 3496 899 3530 codicis.
