2336 3736
597 240 632 284 I.
665 243 701 284 1.
745 251 979 284 consona:
1007 238 1311 282 nuta-mmmm
1340 248 1522 280 MEDIAE.
1720 235 1907 275 (158.159)
1952 232 2031 276 137

215 364 550 409 Aremoricae
586 363 747 406 mediae
775 361 944 406 dialecti
980 368 1172 406 vetustae
1207 362 1390 405 intactae
1419 359 1464 402 in
1494 357 1700 417 princ-ipio
1740 362 1786 400 ut
1822 355 2034 399 nominum

106 448 213 490 quae
244 438 388 475 extant
422 431 467 473 in
496 430 778 474 chartulariis:
817 430 906 472 Bilz·
932 430 1066 473 Rhed.
1103 433 1138 483 1,
1162 431 1200 471 7.
1249 429 1368 471 Bran
1401 431 1436 481 1,
1461 430 1524 470 10.
1549 429 1612 470 19.
1656 426 1793 467 Bresez
1819 422 2033 479 Kemperl.

103 500 210 544 Mor.
232 501 324 542 465.
362 498 557 541 Breselan
586 498 717 541 Rhed.
752 500 787 551 l,
810 499 876 540 24.
915 498 1062 539 Datlz‘n
1093 496 1225 539 Rhed.
1256 498 1294 550 2,
1324 498 1389 540 31.
1437 496 1551 537 Diles
1583 495 1639 537 ib.
1670 492 1777 535 Mor.
1815 493 1907 534 271.
1940 492 2034 532 515.

107 564 209 610 Gleu
228 566 440 623 Kemperl.
462 565 569 609 Mor.
579 567 674 608 432.
709 562 939 608 Gleudalan
959 564 1092 608 Rhed.
1115 564 1221 606 Mor.
1235 566 1329 607 307.
1365 560 1551 605 G'radlon
1571 561 1678 604 Mor.
1695 561 1788 603 265.
1820 559 1870 600 In
1886 557 2035 600 mediis

103 634 342 677 nominibus
370 634 690 677 vetustioribus:
731 631 978 675 Vidimaclus
1008 633 1121 689 (lege
1142 630 1340 688 -maylus)
1370 629 1499 685 Greg.
1521 629 1618 672 Tur.
1643 630 1680 683 9,
1708 628 1770 671 18.
1811 627 2036 668 Mac-liaeus

104 703 217 759 (lege
247 702 494 758 Maylz'avus,
524 702 569 744 id
598 700 710 758 quod
739 701 950 744 invenitur
978 701 1023 743 in
1054 700 1181 756 Greg.
1213 698 1312 742 Tur.
1342 698 1502 741 Histor.
1533 697 1730 740 Francor.
1762 695 1927 751 epitom.
1962 693 2035 748 77)

103 770 232 826 Greg.
262 768 359 812 Tur.
397 770 436 822 4,
468 769 506 811 4.
535 771 573 822 5,
601 770 662 811 16.
693 769 758 812 27.
801 769 965 825 Μαρία-,ς
996 767 1234 823 ίόηο)ηα9ἰ·ἰ
1266 767 1378 809 filius
1406 767 1451 808 in
1480 765 1581 808 Vita
1610 764 1652 809 S.
1685 760 1939 807 Winwaloei
1970 776 2035 817 ap.

103 837 211 880 Bon.
241 835 364 879 Mart.
400 838 433 888 1,
464 837 557 879 258.
592 840 653 881 15.
699 836 934 892 Catmaylus
962 836 1063 879 ibid.
1092 838 1184 878 259.
1211 837 1259 877 13
1292 835 1357 890 (cf
1394 850 1435 892 p.
1465 835 1503 877 4.
1536 834 1614 877 102
1644 833 1764 888 not).
1822 830 1875 874 In
1903 835 2039 872 extre-

104 905 183 948 mis
211 905 386 948 vocibus
425 905 676 961 quibusdam
719 904 802 946 trab
837 903 1019 960 (vicus),
1058 904 1191 946 notavid
1218 903 1415 958 (novus),
1454 902 1496 944 in
1537 899 1800 944 chartulariis
1840 897 2038 940 vetustis:

105 973 143 1016 T
141 973 385 1016 rebmoetoar
415 973 565 1028 (chart.
596 988 632 1015 a.
656 972 770 1028 834),
803 972 907 1014 Treb
943 972 1149 1024 Quemnan
1179 971 1236 1027 (a.
1260 971 1383 1027 865),
1415 970 1640 1012 Trebetwac
1669 967 1726 1024 (a.
1758 967 1879 1023 829),
1917 965 2038 1007 Treb-

103 1043 216 1085 hino&
242 1041 299 1098 (a.
322 1042 425 1094 8543
459 1056 552 1083 cum
581 1042 819 1085 nominibus
849 1040 1051 1096 virorum)
1081 1041 1124 1082 in
1147 1040 1275 1083 chart.
1296 1039 1429 1082 Rhed.
1457 1041 1491 1091 1,
1515 1040 1552 1081 4.
1575 1037 1641 1080 24.
1659 1037 1726 1079 42.
1748 1038 1814 1079 45.
1855 1032 2039 1076 Lis-No-

104 1111 185 1152 wid
213 1109 270 1166 (a.
292 1109 394 1165 826)
429 1110 463 1162 1,
487 1110 551 1152 14.
572 1110 640 1153 42.

215 1177 338 1222 Haec
358 1184 495 1222 tamen
513 1176 767 1222 chartularia
786 1177 1016 1221 aremorica
1045 1177 1223 1234 amplius
1252 1176 1336 1218 iam
1364 1189 1629 1232 progressam
1659 1171 1927 1216 infectionem
1945 1184 2043 1226 pro-

105 1245 208 1289 dunt
238 1262 361 1303 quam
391 1244 559 1302 glossae
592 1253 780 1289 vetustae
812 1245 1057 1288 cambricae.
1117 1245 1225 1287 Nam
1256 1244 1334 1286 etsi
1364 1243 1408 1285 in
1439 1243 1500 1285 eis
1529 1241 1711 1285 intactae
1740 1239 1950 1283 interdum
1977 1237 2043 1279 in-

106 1314 330 1357 veniuntur
351 1313 525 1367 mediae,
556 1320 601 1356 ut
626 1313 873 1357 inchoantes
895 1328 1041 1356 vocem
1067 1312 1237 1356 alteram
1269 1312 1311 1356 in
1335 1311 1657 1368 compositione:
1698 1308 1886 1351 Wobrian
1905 1304 2040 1349 Rhed.

110 1384 145 1435 1,
170 1381 235 1424 38.
274 1381 525 1424 Μαρηητοόνί
552 1382 589 1435 2,
626 1383 689 1424 15.
738 1381 883 1423 Whilz'
913 1383 948 1435 1,
977 1382 1036 1422 14.
1063 1382 1125 1423 19.
1153 1382 1216 1423 39.
1246 1381 1311 1421 41.
1362 1378 1530 1422 Worbili
1563 1380 1601 1432 2,
1631 1377 1697 1420 28.
1745 1375 1878 1418 Urbili
1909 1377 1943 1428 1,
1973 1374 2040 1417 36.

109 1448 290 1492 Arbidoe
308 1448 415 1492 Mor.
439 1449 532 1492 331.
584 1448 791 1492 Wasbz'doe
808 1448 916 1492 Mor.
940 1449 1032 1492 304.
1077 1445 1302 1490 Grenbz'doe
1325 1450 1359 1501 1,
1378 1449 1442 1490 54.
1480 1446 1656 1489 Eubodu
1676 1445 1785 1488 Mor.
1809 1444 1903 1488 328.
1951 1441 2043 1484 Tri-

106 1515 209 1559 bodu
240 1517 280 1569 2,
305 1515 366 1559 13.
408 1515 554 1559 Hobrt't
572 1516 679 1560 Mor.
702 1518 797 1559 275.
849 1516 1025 1558 Wenbrz'c
1050 1518 1083 1570 1,
1109 1518 1171 1559 19.
1205 1517 1407 1572 Anauyen
1429 1517 1465 1570 1,
1485 1515 1552 1558 43.
1575 1516 1613 1567 2,
1638 1515 1701 1555 14.
1749 1511 1894 1569 Wtyen
1917 1513 1952 1565 1,
1975 1511 2042 1553 24.

105 1584 280 1641 Derqen,
309 1583 474 1640 Dorqen
505 1584 610 1627 Mor.
637 1586 730 1629 332.
762 1586 799 1640 2,
823 1586 888 1627 26.
925 1584 1074 1642 Rz'tyen
1102 1583 1209 1626 Mor.
1232 1584 1327 1628 273.
1380 1583 1570 1639 Festyen‚
1602 1580 1788 1639 Festyent
1816 1579 1923 1623 Mor.
1947 1579 2043 1620 293.

106 1652 200 1695 296.
240 1651 448 1708 Hoiaryen
481 1656 519 1705 1,
541 1654 608 1696 35.
650 1650 847 1709 Gurynou
866 1651 973 1695 Mor.
996 1653 1089 1705 340,
1129 1651 1376 1709 saepissime
1406 1657 1545 1693 tamen
1575 1655 1672 1693 sunt
1699 1648 1900 1691 infectae:
1935 1642 2045 1688 Gur-

106 1719 188 1772 vili,
232 1718 387 1761 Wrwica'
420 1723 454 1775 1,
483 1721 520 1762 8.
549 1721 616 1763 40.
662 1720 894 1774 Maenun'li,
929 1720 1127 1762 Maenvilz‘
1158 1722 1191 1773 1,
1215 1721 1252 1762 9.
1275 1720 1341 1762 39.
1387 1719 1569 1761 Παείυίίί
1597 1719 1634 1772 2,
1668 1718 1730 1760 14.
1766 1718 1829 1758 16.
1872 1713 2047 1764 Ratuili,

103 1786 275 1829 Rath‘li
306 1787 341 1840 1,
374 1790 408 1830 1.
441 1790 479 1833 3.
513 1790 550 1843 2,
585 1790 647 1831 16.
685 1788 867 1842 Aellifeu
899 1790 934 1841 1,
966 1790 1003 1830 7.
1051 1788 1207 1830 Aen-iu
1240 1790 1274 1841 1,
1300 1789 1363 1830 11.
1403 1786 1548 1835 Colveec
1578 1785 1685 1841 (beu,
1717 1784 1804 1840 bin)
1833 1780 2046 1838 Kemperl.

105 1853 165 1897 Μ.
189 1854 284 1898 513.
320 1857 501 1898 Arm‘doe
519 1856 655 1901 Rhed.
678 1856 737 1900 M.
760 1857 853 1899 307.
896 1855 1095 1898 Vara-aloe
1114 1856 1173 1898 M.
1197 1857 1289 1899 309.
1331 1855 1559 1906 Matwidoe,
1581 1852 1798 1907 Matvedoi,
1823 1850 2048 1894 Matuetdoi

105 1921 164 1967 M.
194 1923 286 1967 305.
318 1925 411 1967 340.
452 1923 647 1968 Catwodu
678 1928 712 1980 1,
744 1928 811 1969 20.
850 1924 1057 1968 Οαΐαοᾱεω
1081 1924 1295 1981 Kemperl.
1324 1922 1383 1965 M.
1416 1924 1509 1967 360.
1553 1919 1811 1974 Gmnwwffl,
1848 1916 2049 1961 Guenvret

107 1991 257 2049 (supra
287 1992 475 2047 Wenbrz't,
506 1995 691 2039 coniunx
709 1994 946 2039 Salomonis
968 1993 1186 2051 principis,
1210 1992 1338 2035 chart.
1362 2008 1397 2034 a.
1420 1991 1523 2047 869)
1549 1994 1580 2032 1.
1606 1991 1672 2032 50.
1702 1990 1870 2044 Derien,
1893 1988 2046 2031 Derda-

108 2075 185 2102 nus
210 2062 243 2115 1,
266 2061 303 2103 2.
327 2061 364 2113 2,
387 2063 424 2104 7.
455 2061 614 2106 Derion
634 2061 741 2107 Mor.
763 2064 858 2108 339.
901 2063 1048 2106 Urbim
1070 2061 1142 2117 (cf.
1166 2062 1317 2104 cambr.
1349 2060 1507 2118 Urbyen
1528 2075 1655 2117 supra
1675 2065 1716 2102 et
1745 2058 1893 2101 Urblon
1913 2057 2047 2101 Rhed.

111 2129 146 2182 1,
169 2129 233 2172 21,
259 2130 333 2182 47;
353 2149 398 2165 =
428 2129 561 2188 vaen
580 2130 697 2176 Mab.
718 2132 756 2186 2,
778 2131 881 2188 212)
914 2133 951 2184 2,
973 2132 1039 2174 21.
1061 2130 1168 2174 Mor.
1194 2131 1287 2174 304.
1327 2128 1369 2170 F
1366 2129 1485 2171 estien
1504 2128 1613 2171 Mor.
1636 2128 1729 2171 300.
1766 2127 1922 2170 Ritlent
1940 2124 2047 2168 Mor.

109 2198 202 2240 330:
242 2197 412 2252 Pritien,
444 2198 622 2242 Pritient
650 2199 759 2243 Mor.
781 2201 875 2243 294.
897 2199 992 2243 307.
1032 2198 1219 2241 Haelnou
1254 2202 1288 2251 1,
1310 2199 1349 2240 4.
1388 2197 1567 2239 Budnou
1597 2195 1703 2239 Mor.
1727 2196 1820 2237 272.
1860 2194 2050 2236 Arthnou

107 2265 217 2310 Mor.
243 2267 337 2309 307.
378 2265 549 2309 Cadnou
579 2267 767 2311 Laudev.
789 2268 897 2311 Mor.
920 2268 1014 2312 338.

220 2334 406 2378 Iniectae
442 2334 605 2379 mediae
640 2336 684 2378 in
713 2335 864 2380 mediis
894 2336 1089 2380 vocibus:
1137 2334 1394 2392 (locarantqen
1433 2333 1506 2390 (cf.
1535 2333 1621 2376 hib.
1652 2337 1734 2377 vet.
1767 2331 1895 2384 cobir,
1934 2329 2051 2374 auxi-

109 2402 222 2457 lium,
255 2402 368 2457 Wb.‚
401 2409 443 2447 et
471 2402 664 2448 Caburus
696 2403 819 2448 Caes.
831 2404 869 2460 Ρ)
898 2404 1031 2448 Rhed.
1061 2404 1118 2461 sq.
1156 2401 1442 2460 Kohbrcmt'yen
1470 2401 1578 2445 Mor.
1601 2402 1695 2443 297.
1735 2398 2053 2442 Courantmonoc

108 2468 217 2514 Mor.
241 2472 334 2514 267.
379 2469 683 2515 Gleuehomvnt
739 2471 847 2517 Mor.
870 2472 963 2515 307.
1006 2473 1182 2514 Maelcat
1213 2471 1285 2525 (ef.
1318 2486 1446 2528 supra
1476 2468 1732 2526 Catmaylus)
1767 2470 1801 2522 1,
1832 2468 1897 2510 32.
1941 2467 2051 2509 Cun-

110 2539 258 2581 mailus
290 2539 354 2595 (=
379 2539 646 2597 Conomaylue
679 2540 826 2598 supra)
860 2542 894 2595 1,
917 2541 984 2584 25.
1025 2539 1239 2581 Av'tlzmael
1265 2541 1298 2592 1,
1321 2540 1360 2581 5.
1391 2539 1428 2592 2,
1451 2539 1517 2580 23.
1558 2537 1727 2590 Mailon,
1760 2536 1915 2577 Maeloc
1942 2534 2048 2578 Mor.

111 2606 204 2649 264.
227 2606 323 2651 307.
366 2607 543 2650 Tiar-nan
572 2607 678 2662 (bib.
701 2615 783 2652 vet.
806 2609 972 2665 δέρω-ηε,
995 2607 1208 2662 dominus)
1233 2609 1267 2661 1,
1292 2608 1356 2649 31.
1402 2605 1587 2649 Tiamaa
1615 2608 1645 2659 1,
1669 2605 1734 2647 20.
1758 2605 1795 2657 2,
1818 2603 1883 2646 27.
1924 2602 2052 2645 Mael-

110 2675 214 2716 tiern
245 2676 281 2729 1,
309 2677 371 2719 14.
402 2676 440 2731 2,
463 2676 528 2720 28,

220 2742 272 2787 In
301 2743 385 2787 fine
418 2758 580 2798 vocum,
612 2745 683 2788 ubi
713 2744 896 2788 intactae
926 2743 1132 2786 interdum
1165 2749 1385 2786 servantur
1413 2746 1512 2800 post
1539 2740 1711 2784 vocales
1741 2741 1904 2792 breves,
1936 2743 1981 2780 ut
2009 2738 2053 2780 in

111 2825 238 2868 supra
270 2809 394 2855 dictis
425 2811 533 2865 treb,
568 2813 720 2866 nowid,
758 2812 803 2855 in
831 2812 965 2855 isdem
995 2810 1260 2856 chartulariis
1293 2810 1532 2854 aremoricis
1564 2809 1846 2856 destituuntur
1874 2806 2049 2860 mediae,

111 2885 157 2921 ut
193 2879 236 2922 in
265 2878 422 2936 glossis
462 2879 706 2933 cambricis‚
748 2881 994 2938 praesertim
1030 2887 1129 2938 post
1170 2877 1341 2923 vocales
1380 2878 1627 2936 productas:
1667 2877 1775 2919 ‹Jacu
1813 2874 1876 2930 (·-—-
1903 2873 2053 2930 Iaofib)

111 2946 245 2990 Rhed.
272 2949 307 3002 1,
330 2948 396 2990 29.
428 2949 520 3005 ploi
538 2948 600 3005 (=
621 2950 763 3006 plebs3
795 2950 840 2992 in
868 2949 1037 2992 nomine
1068 2950 1243 3002 Ploilcm,
1274 2947 1319 2989 in
1339 2947 1467 2991 chart.
1492 2962 1526 2989 a.
1551 2947 1643 2999 862,
1667 2943 1780 3002 plebs
1800 2943 1909 2994 Lan,
1929 2942 2055 2983 Laan

114 3016 156 3059 in
188 3015 282 3058 aliis
312 3016 489 3071 chartis)
525 3020 558 3070 1,
583 3019 648 3061 23.
683 3033 766 3074 pou
796 3017 972 3075 (pagus3
1002 3018 1047 3060 in
1076 3017 1246 3060 nomine
1276 3017 1507 3057 Ponto-emet
1536 3015 1579 3057 in
1610 3013 1737 3056 chart.
1769 3028 1804 3055 a.
1828 3013 1920 3066 833,
1947 3006 2052 3067 “pa-

113 3099 191 3142 gus
220 3091 337 3127 trans
368 3080 541 3128 silvam”
578 3089 616 3139 1,
638 3086 712 3142 50)
748 3089 782 3139 l,
805 3088 842 3127 5.
881 3088 923 3127 ri
952 3091 992 3128 et
1023 3085 1097 3137 bovi,
1126 3085 1254 3126 woltra·
1272 3085 1335 3140 (=
1355 3087 1433 3141 riq,
1467 3083 1578 3140 ὄνῳ)
1609 3083 1652 3124 in
1673 3080 1912 3125 nominibus
1944 3096 2054 3124 com-

112 3152 263 3209 positis
293 3169 422 3212 supra
450 3155 575 3198 dic-tis
606 3155 667 3213 (p.
691 3156 777 3208 98).
828 3152 987 3197 Tamen
1017 3153 1142 3195 etiam
1171 3160 1270 3209 post
1299 3155 1447 3197 breves
1479 3151 1716 3195 destituitur
1734 3166 1773 3206 gt,
1804 3155 1850 3191 ut
1878 3149 1921 3191 in
1951 3164 2054 3191 voce

115 3222 183 3265 bro
205 3224 355 3276 (terra-3
387 3223 438 3265 cf.
459 3223 707 3279 Brogitarus
730 3222 834 3277 Cic„
864 3223 1119 3279 Allobroges
1151 3221 1298 3277 Caes.)
1331 3237 1453 3279 quam
1485 3220 1701 3263 continent
1721 3218 1952 3275 composita
1979 3233 2055 3259 no-

114 3290 228 3334 mina
256 3290 520 3349 praediorum
551 3292 619 3336 vel
649 3308 868 3350 pagorum:
901 3291 1162 3334 Bronantcar
1183 3290 1240 3345 (a.
1263 3291 1364 3347 833)
1394 3289 1528 3332 Rhed.
1555 3291 1589 3343 1,
1613 3289 1650 3330 8.
1679 3301 1813 3345 pagus
1844 3286 2056 3328 Bronoeroc

116 3359 173 3415 (a.
196 3359 296 3413 8323
324 3354 493 3417 “patria
520 3354 728 3405 Gueroci''
759 3359 868 3403 Mor.
892 3359 992 3416 339)
1026 3362 1061 3414 1,
1084 3360 1150 3402 20.
1195 3357 1398 3401 Bronarz'l
1427 3358 1483 3414 (a.
1506 3357 1608 3413 867)
1641 3357 1676 3409 1,
1699 3357 1771 3408 22,
1803 3355 1824 3396 b
1854 3354 1897 3397 in
1926 3354 2054 3397 chart.

112 3426 301 3471 Landev.
324 3427 368 3471 in
388 3429 628 3472 nominibus
651 3428 854 3473 vicorum:
878 3427 986 3482 Tres
1007 3427 1271 3481 Wilermeam,
1295 3425 1333 3469 T
1332 3426 1404 3481 ref
1411 3424 1596 3468 Hartlzoc
1617 3424 1677 3480 (=
1694 3423 1796 3480 treb)
1820 3439 1885 3480 ap.
1905 3422 2054 3468 Cours.
