2336 3736
825 237 1097 268 rssoonmum
1127 236 1352 268 murronis.
1858 223 2084 266 XXXVII

102 349 264 393 ralibus
294 355 387 392 orta
424 348 566 391 minus
596 354 712 390 recte
744 346 980 401 statuerat*,
1013 348 1082 391 vel
1111 347 1248 391 isdem
1279 348 1485 404 deceptus
1513 361 1653 391 novos
1683 338 1869 399 admisit,
1900 353 1948 388 ut
1977 361 2085 403 quae

29 458 32 461 .
103 420 156 465 de
178 437 234 464 na
264 420 531 477 pronominis
552 420 688 463 forma
717 435 848 477 supra
866 421 1207 463 memoravimus.
1271 409 1359 464 Sed
1378 420 1485 462 haec
1506 419 1729 462 hactenus.
1788 418 1914 472 Quae
1944 426 2085 461 autem

105 500 178 536 aut
206 492 508 536 convenientia
538 508 637 535 cum
670 493 745 546 iis,
789 508 898 549 quae
929 493 1054 536 nobis
1094 500 1137 535 et
1165 492 1367 537 Stokesio
1399 492 1670 548 placuerunt,
1713 499 1785 535 aut
1815 507 1930 534 nova
1958 491 2086 548 plane

106 567 199 622 ipse
230 572 490 622 reppererat,
524 565 630 608 haec
659 565 749 608 fere
780 566 1022 608 invenimus
1055 566 1268 608 adnotata.

192 638 287 681 ‘Ex
315 638 550 682 hibernicis
583 653 791 682 excussae
822 654 1038 681 consonae
1069 638 1277 694 exemplis
1309 637 1395 693 (ed.
1418 637 1453 681 I.
1486 654 1526 695 p.
1550 638 1624 693 20)
1669 638 1856 694 dempsit
1884 638 1978 679 stein
2010 637 2086 693 (gi.

107 711 324 767 stagnum)
357 711 430 767 Sg.
455 712 535 765 73¹,
568 727 653 768 qua
682 712 792 754 falsa
822 711 985 754 codicis
1018 711 1251 767 scriptione
1283 710 1532 754 Stokesium
1564 726 1733 767 quoque
1766 709 1916 766 (Gom.
1941 711 2016 765 70)
2048 716 2090 752 et

108 785 181 841 qui
213 799 308 827 eum
338 791 588 840 sequeretur
619 783 939 828 Schleicherum
970 783 1234 840 (Indogerm.
1269 783 1570 827 chrestomath.
1604 800 1644 839 p.
1670 784 1773 840 354>
1807 784 1944 839 decipi
1981 783 2089 825 vidi-

108 872 221 911 mus3
260 857 482 900 adnotavit
522 864 665 901 autem
694 857 820 900 haee:
862 857 915 913 gl.
949 864 1169 911 stannum,
1209 857 1254 898 in
1285 857 1434 901 codice
1467 857 1683 913 stagnum!
1724 856 1830 899 O'R.
1860 864 1974 908 stan,
2013 856 2090 898 tin.

109 930 366 974 Rectissime
396 945 511 973 vero.
572 930 681 974 Nam
716 931 882 974 etiamsi
911 930 957 973 in
989 930 1186 973 omnibus
1207 929 1423 973 Prisciani
1454 930 1576 973 libris
1598 930 1660 985 (5,
1688 931 1754 983 10,
1778 929 1853 984 54)
1886 929 2091 986 scriptum

111 1010 227 1046 extat
254 1011 458 1060 amyotum,
490 1009 633 1045 tamen
664 1018 806 1059 neque
836 1003 889 1046 de
911 1009 1063 1059 stagno
1096 1002 1313 1059 cogitasse
1343 1003 1625 1057 glossatorem
1657 1003 1912 1045 monachum
1934 1002 2092 1045 Hiber-

110 1092 222 1128 num,
254 1082 296 1118 et
327 1091 404 1118 suo
436 1077 529 1118 iure
562 1076 749 1119 editores
781 1092 804 1119 e
826 1076 1093 1119 correctione
1115 1075 1317 1118 editionis
1338 1075 1880 1132 Ascensianaebrecepisse
1899 1085 2093 1118 stannum

109 1142 327 1206 probatur
351 1156 437 1191 tam
474 1155 678 1191 contextu
709 1149 941 1201 ser-monis,
980 1164 1064 1205 quo
1105 1148 1277 1205 quidem
1314 1155 1415 1204 post
1443 1148 1616 1191 metalla
1656 1150 1874 1191 nominata
1910 1148 2091 1202 (aurum,

67 1228 69 1230 ’
113 1229 347 1278 argentum,
380 1230 466 1275 aes,
499 1209 739 1279 plumbum)
770 1223 1009 1278 requiratur
1037 1237 1194 1265 nomen
1224 1221 1398 1273 metalli,
1428 1236 1554 1278 quam
1586 1220 1819 1264 hibernicis
1850 1221 1997 1264 formis
2027 1237 2095 1264 re-

115 1295 378 1338 centioribus
411 1300 454 1337 et
471 1294 707 1348 hodiernis,
742 1302 789 1336 ut
817 1296 901 1337 iam
931 1295 975 1337 in
998 1295 1157 1351 glossis
1188 1294 1425 1338 hibernicis
1457 1310 1483 1337 a
1503 1293 1703 1338 Stokesio
1736 1294 1864 1337 editis
1896 1294 2002 1337 haec
2030 1295 2095 1336 in-

113 1369 359 1412 veniuntur:
392 1367 473 1411 hoc
505 1374 702 1410 stannum
732 1367 839 1410 sdan
868 1367 925 1424 gl.
950 1369 1045 1422 789,
1075 1367 1146 1410 hic
1178 1373 1368 1411 staneus.
1400 1383 1437 1410 a.
1468 1383 1537 1409 um
1558 1368 1814 1409 seanamltaael
1842 1367 1897 1423 gl.
1921 1369 2017 1410 610.
2041 1392 2093 1397 -—-

115 1442 309 1487 Similem
347 1441 713 1497 interpretationis
753 1441 1086 1495 correctionem,
1127 1441 1208 1484 etsi
1245 1457 1333 1484 non
1364 1441 1556 1498 plenam,
1597 1441 1792 1483 adhibuit
1829 1441 1881 1483 ad
1914 1455 1954 1497 p.
1988 1442 2095 1483 454:

113 1515 375 1567 conicfimmis
405 1514 550 1570 adzyal
586 1513 832 1570 (possemus
864 1514 1036 1569 ulcisci)
1079 1521 1121 1557 et
1149 1530 1188 1571 p.
1209 1516 1314 1556 455:
1356 1515 1572 1567 ciasaclam
1603 1514 1706 1569 (etsi
1736 1514 1917 1570 patior)·,
1957 1529 2098 1557 emen·

116 1588 214 1631 date
246 1594 484 1643 utrumque,
519 1586 555 1628 si
588 1587 751 1631 adicias
781 1602 1019 1643 pronomen
1047 1586 1147 1643 (id).
1206 1587 1374 1630 Eodem
1404 1588 1611 1644 pertinet,
1655 1586 1769 1643 quod
1801 1601 1824 1629 e
1854 1587 1986 1630 variis
2015 1587 2099 1630 for-

117 1661 197 1703 mis
229 1675 451 1716 perperam
491 1659 545 1702 ad
575 1660 762 1702 radicem
792 1659 854 1703 IC
881 1648 1041 1703 'relatis
1071 1676 1112 1717 p.
1141 1661 1228 1703 494
1271 1676 1399 1704 unam
1431 1661 1582 1704 saltem
1614 1659 1788 1702 sustulit
1822 1666 1939 1703 recta
1968 1661 2099 1703 inter-

114 1734 372 1790 pretatione:
406 1741 635 1775 acumactaee
665 1734 827 1790 nanyid
857 1733 1137 1790 (potestatem
1157 1734 1376 1790 nequam),
1407 1733 1461 1776 de
1483 1748 1566 1789 quo
1591 1733 1786 1791 exemplo
1817 1733 1980 1790 pridem
2013 1733 2100 1776 dis—

117 1807 328 1849 seruimus
350 1805 505 1862 (Beitr.
527 1805 587 1848 II.
611 1807 708 1861 64);
743 1806 810 1848 vel
832 1807 944 1863 quod
976 1806 1230 1863 quibusdam
1253 1805 1462 1863 exemplis
1485 1806 1802 1849 coniunctionis
1822 1807 1909 1848 sech
1942 1806 2100 1849 additis

117 1880 171 1922 ad
201 1895 241 1936 p.
265 1881 348 1923 682
389 1878 610 1922 subiunxit
638 1879 1054 1936 interPretationem:
1095 1876 1236 1936 quoad
1275 1879 1423 1936 (quiai'
1461 1894 1580 1932 nam,
1620 1880 1835 1936 nempe?).
1906 1878 2025 1921 Idem
2056 1879 2101 1921 in

118 1953 328 2009 exemplis
360 1952 600 2009 praesentis
633 1953 876 1996 secundarii
908 1953 978 1996 bin
1009 1953 1195 2010 (essem)
1234 1953 1289 1996 ad
1321 1968 1360 2009 p.
1391 1954 1476 1996 482
1513 1952 1695 1996 adiectis
1724 1952 1872 2009 posuit
1910 1954 2099 1994 ndmmin

114 2044 159 2060 ==
188 2025 404 2069 nd-m-bin
445 2025 662 2082 (quamvis
702 2025 970 2082 improbante
1002 2026 1152 2070 Whitl.
1184 2026 1427 2082 Stokesio),
1474 2026 1589 2083 quod
1625 2026 1749 2069 aliter
1795 2026 2099 2082 interpretatus

116 2105 208 2141 erat
237 2114 277 2155 p.
302 2099 398 2141 702.

231 2171 302 2215 Ad
333 2186 537 2216 sonorum
567 2172 758 2228 regulam
789 2178 999 2230 spectant,
1032 2186 1141 2230 quae
1172 2172 1226 2215 ad
1256 2187 1298 2229 p.
1320 2173 1375 2215 68
1413 2172 1616 2229 apposuit
1646 2177 1693 2215 ut
1723 2173 1920 2230 exempla
1950 2187 2102 2216 conso-

115 2259 198 2287 nae
235 2260 259 2286 υ
296 2260 381 2287 una
417 2259 513 2287 cum
549 2246 836 2302 praecedente
875 2246 1014 2289 vocali
1053 2245 1376 2290 evanescentis:
1425 2247 1535 2301 posit
1571 2244 1850 2301 (positivus),
1900 2247 2105 2301 comparit

117 2316 492 2373 (comparativus),
524 2319 697 2374 superi-it
727 2317 1071 2375 (superlativus),
1104 2321 1147 2362 ἑο
1177 2318 1345 2374 (mors),
1379 2317 1534 2374 quibus
1566 2334 1698 2360 unum
1727 2334 1807 2361 nos
1839 2319 1901 2375 (p.
1926 2319 2000 2373 58)
2032 2318 2105 2361 ad-

118 2390 305 2433 didimus
336 2393 440 2445 dess,
471 2392 539 2433 des
569 2391 773 2447 (dexter).
841 2391 1018 2435 Plenius
1049 2407 1150 2435 vero
1180 2391 1253 2433 ille
1285 2391 1339 2433 de
1358 2392 1397 2446 f
1417 2392 1464 2433 in
1486 2391 1509 2432 b
1539 2390 1656 2445 (hod.
1681 2390 1751 2447 bh)
1783 2392 1947 2433 mollita
1967 2392 2105 2434 disse-

117 2465 203 2507 ruit
232 2464 340 2508 locis
363 2464 667 2521 compluribus.
728 2464 811 2518 Qui
847 2480 941 2508 cum
963 2465 1086 2508 uncis
1118 2465 1379 2517 inclusisset,
1413 2478 1523 2521 quae
1545 2464 1647 2507 olim
1676 2480 1717 2521 p.
1741 2466 1795 2507 46
1827 2471 2107 2521 praeceperat

120 2538 172 2580 de
205 2537 228 2578 b
258 2537 558 2594 pronominum
587 2537 649 2578 sib
680 2536 800 2593 (vos)
834 2544 877 2581 et
907 2538 984 2581 bar
1006 2535 1205 2594 (vester),
1240 2537 1444 2594 ascripsit
1471 2536 1599 2580 haec:
1631 2533 1702 2579 (αἶ.
1732 2553 1773 2594 p.
1798 2538 1866 2579 66.
1895 2538 1948 2579 72
1981 2544 2023 2580 et
2043 2538 2105 2579 ibi

120 2604 350 2653 adnotata'.
411 2611 651 2653 Adnotavit
689 2617 829 2653 autem
859 2626 951 2654 non
979 2611 1115 2654 solum
1147 2611 1200 2654 ad
1230 2627 1271 2668 p.
1294 2612 1368 2653 66:
1406 2605 1464 2652 ‘B
1494 2625 1572 2667 pro
1592 2611 1641 2665 j:
1681 2611 1922 2654 saearbaiec
1952 2609 2105 2664 (sacri-

120 2683 307 2738 ficium),
334 2682 478 2739 felsub
499 2683 678 2735 fellsube
719 2683 1047 2741 (philosophus,
1086 2683 1401 2742 philosophia),
1442 2683 1632 2725 abamevin
1662 2682 1824 2740 (optat)
1861 2684 1980 2726 iuxta
2010 2683 2106 2739 asa-

121 2753 285 2809 meinn'3
319 2756 395 2799 sed
425 2756 554 2799 etiam
585 2757 639 2798 ad
671 2772 711 2812 p.
735 2757 809 2810 88,
849 2757 990 2814 prima
1018 2757 1265 2801 infectionis
1297 2756 1571 2799 destituentis
1603 2755 1788 2812 vestigia
1824 2756 2013 2799 inveniri
2043 2756 2106 2797 di-

120 2843 222 2872 cens
254 2830 336 2871 iam
367 2829 411 2871 in
444 2834 613 2872 vetusta
642 2829 790 2886 lingua
820 2830 1042 2874 hibernica
1071 2845 1217 2888 praep.
1250 2831 1330 2872 clar
1359 2844 1438 2885 pro
1469 2837 1548 2882 tar,
1579 2844 1701 2885 pron.
1734 2844 1850 2885 poss.
1883 2830 1935 2871 do
1965 2828 2107 2883 (tuus)

123 2917 197 2958 pro
229 2911 287 2955 to,
331 2902 472 2958 pergit
508 2902 576 2945 his
608 2902 774 2945 verbis:
821 2898 968 2960 ‘atque
999 2903 1124 2956 barn,
1166 2903 1244 2945 bar
1282 2903 1467 2958 (vester)
1505 2902 1749 2958 frequenter
1788 2903 1991 2959 scriptum
2028 2917 2106 2959 pro

113 2975 236 3029 few-n,
263 2975 361 3026 far,
395 2975 516 3018 cuius
549 2974 572 3016 b
600 2990 687 3017 non
716 2975 995 3031 primitivam,
1028 2977 1106 3019 sed
1137 2991 1191 3019 ex
1216 2977 1247 3030 f
1267 2975 1475 3018 mollitam
1505 2975 1738 3018 ostendunt
1766 2990 1942 3032 praepp.
1973 2977 2007 3027 i,
2037 2976 2107 3016 iar

123 3047 409 3101 praemissae,
441 3061 528 3089 non
557 3048 615 3100 in,
648 3048 779 3101 z‘oerm,
812 3055 859 3091 ut
886 3050 936 3091 fit
965 3056 1063 3093 ante
1093 3049 1119 3091 b
1149 3042 1434 3105 primitivam?
1497 3046 1663 3089 Eadem
1706 3047 1862 3089 additis
1900 3047 2107 3102 exemplis

122 3119 249 3161 morio
281 3119 483 3162 disertius
513 3119 640 3162 modo
673 3121 846 3164 brevius
875 3123 1060 3179 repetita
1090 3128 1190 3165 sunt
1220 3121 1274 3164 ad
1304 3136 1376 3177 pp.
1410 3122 1476 3175 72.
1509 3121 1604 3162 344.
1639 3121 1720 3163 346
1738 3154 1747 3172 ,
1780 3120 1951 3162 tandem
1981 3120 2035 3161 ad
2064 3134 2106 3175 p.

125 3193 221 3235 580.
281 3191 427 3246 Quare
459 3191 644 3235 dubitari
685 3194 757 3236 vix
787 3195 962 3250 poterit,
986 3195 1108 3252 ¹quin
1138 3195 1253 3250 ipse,
1293 3194 1331 3236 si
1361 3194 1469 3237 haec
1499 3193 1644 3235 studia
1675 3193 1783 3235 ultra
1813 3193 2002 3248 proferre
2032 3207 2109 3248 per

219 3367 236 3385 ‘¹
270 3366 319 3401 De
343 3363 468 3412 (suibus
501 3367 540 3401 cf.
569 3378 659 3412 quae
685 3368 876 3404 Whitleius
900 3369 1029 3408 Stokes,
1053 3371 1090 3405 et
1119 3379 1182 3405 nos
1214 3369 1373 3404 certatim
1406 3368 1688 3413 disputavimus:
1736 3367 1841 3401 Beitr.
1866 3367 1892 3401 1.
1928 3368 2001 3400 166.
2029 3368 2108 3400 354.

126 3424 169 3458 ss.
193 3426 239 3458 64
256 3433 307 3468 sq.
356 3423 417 3458 111.
442 3428 520 3460 280.
568 3424 611 3459 v.
639 3427 787 3460 33—37.
812 3445 856 3452 -
883 3426 944 3462 111.
968 3429 1024 3462 61.
1050 3430 1128 3462 258.

1818 3501 1836 3524 C
