2336 3736
271 233 377 276 1056
405 233 663 276 (1083-1085)
706 243 938 273 APPENDIX
995 242 1195 274 Gnossffl
1226 242 1485 275 cAmschE
1515 243 1812 278 exornasse.

268 356 458 400 solicitos
488 354 658 399 foecisti
687 354 868 398 Romule
898 354 1057 409 ludos).
1102 353 1337 396 ircilcleetou
1367 353 1442 411 (gl.
1474 355 1605 411 vela).
1652 357 1754 397 estid
1781 355 1858 412 (gl.
1880 356 2064 400 theatro:
2095 372 2235 414 neque

266 438 502 466 marmoreo
532 423 780 479 pendebant
808 422 906 464 vela
935 421 1133 476 theatro).
1176 422 1335 478 quami
1362 420 1439 477 (gl.
1472 437 1615 476 scena,
1649 423 1741 466 sine
1772 429 1862 466 arte
1892 423 2002 479 fuit).

380 490 491 546 (38¹²)
529 491 720 532 cemmein
750 488 828 544 (gl.
858 488 903 530 in
934 489 1157 544 gradibus,
1197 488 1299 531 sede
1328 489 1514 546 populus
1555 489 1607 531 de
1647 490 1810 546 cespite
1850 489 2010 544 factis).
2059 491 2238 547 piepaur

268 560 414 599 tuscoz's
444 557 520 614 (gl.
544 557 720 600 tibicine
740 563 876 609 tusco,
907 556 1055 598 rudem
1075 556 1308 613 praebente
1329 556 1531 611 modum).
1579 572 1700 599 coorn
1723 557 1800 613 (gl.
1821 557 1867 599 in
1887 556 2026 600 medio
2049 557 2236 614 plausu).

266 625 340 680 hep
370 624 620 681 amynaubot
649 624 724 681 (gl.
758 624 851 667 sine
880 631 1045 667 mente:
1077 639 1177 681 pars
1210 624 1303 666 sine
1323 631 1466 667 mente
1497 624 1628 677 sedet,
1663 639 1762 680 pars
1784 624 1917 666 laniat
1936 623 2115 680 crines).
2151 639 2237 666 cre-

267 693 425 733 atieavl
449 691 571 748 plant
606 690 684 746 (gl,
716 690 897 746 genialis
935 691 1112 747 praeda:
1145 692 1355 735 duciintx'ir
1384 699 1554 748 raptae,
1600 691 1782 748 genialis
1812 691 1992 748 praeda,
2031 692 2236 748 puellae).

271 773 406 815 nepum
438 757 514 814 (gl.
555 773 656 815 qua:
699 759 737 801 si
769 773 852 815 qua
879 765 1139 815 repugnaret
1157 760 1370 814 nimium).
1419 762 1567 802 trudon
1600 759 1675 815 (gl.
1709 757 1890 801 ocellos:
1930 759 2032 815 quid
2068 766 2239 803 teneros

266 825 699 882 lacrimiscorrumpis
728 825 888 869 ocellos
899 826 952 882 P).
981 829 1189 883 quaroz'ou
1220 828 1296 884 (gl.
1319 827 1519 882 theatra).
1551 828 1738 882 cliyatma
1759 824 1836 881 (gl.
1859 825 2034 880 circus).
2072 828 2240 883 rinque·

276 893 446 935 daulion
468 893 545 949 (gl.
574 907 748 936 arcana:
781 892 843 935 nil
870 907 980 949 opus
1002 899 1068 936 est
1098 893 1265 950 digitis,
1303 909 1379 951 per
1407 909 1516 952 quos
1548 908 1704 936 arcana
1732 893 1956 948 loquaris).
1995 894 2078 936 troi
2094 893 2241 936 emned-

267 960 445 1017 tuou(gl.
481 975 560 1018 per
588 960 751 1015 nutus).
806 962 932 1002 cared
961 960 1038 1017 (gl.
1068 968 1190 1005 nota:
1222 976 1303 1004 nec
1332 963 1412 1006 tibi
1441 977 1519 1019 per
1547 967 1676 1004 nutus
1707 960 1961 1017 accipienda
1988 966 2093 1004 nota
2122 961 2221 1016 est).

383 1028 493 1084 (39·)
524 1027 671 1070 kacboz·
698 1026 775 1084 (gl.
809 1028 1091 1071 excutiendus
1123 1029 1213 1083 erit,
1245 1029 1423 1086 pulvis).
1469 1029 1674 1071 iramceth
1703 1027 1780 1084 (gl.
1811 1027 1982 1070 nullum.
2003 1027 2240 1084 pulverem:

267 1096 311 1138 in
353 1096 558 1153 gremium
592 1094 736 1152 pulvis
776 1094 814 1138 si
850 1094 958 1138 forte
996 1096 1163 1153 puellae
1205 1097 1430 1150 deciderit,
1471 1096 1618 1153 digitis
1656 1095 1937 1139 excutiendus
1975 1096 2077 1149 erit3
2123 1103 2167 1139 et
2204 1096 2243 1139 si

267 1163 410 1206 nullus
443 1164 523 1207 erit
551 1163 713 1220 pulvis,
757 1171 898 1207 tamen
930 1171 1082 1207 excute
1111 1163 1309 1219 nullum).
1355 1164 1505 1206 amlaie
1542 1163 1618 1220 (gl.
1652 1163 1853 1206 dimissa:
1894 1162 2027 1221 pallia
2064 1163 2102 1206 si
2130 1157 2249 1206 terra

266 1231 442 1274 nimium
475 1230 655 1274 dimissa
683 1229 918 1286 iacebunt).
967 1231 1250 1288 irdiyatmaou
1291 1231 1368 1288 (gl.
1399 1231 1558 1274 circus:
1599 1230 1678 1273 hos
1706 1229 1848 1274 aditus
1878 1230 2138 1288 circusque).
2182 1232 2244 1272 ir-

266 1301 412 1342 caiana
426 1299 518 1356 (gl.
538 1297 743 1352 libellum,
766 1298 940 1355 poscit).
985 1307 1146 1341 morsm
1167 1298 1244 1355 (gl.
1268 1299 1410 1355 eheu).
1452 1299 1652 1341 moi-[iaus
1681 1298 1758 1356 (gl.
1781 1313 1906 1355 quam
1927 1298 2103 1342 multos:
2136 1297 2242 1341 eheu

267 1492 456 1527 tumultum
480 1490 649 1531 excitare,
674 1490 783 1524 subst.
811 1489 953 1536 terfysy,
980 1490 1152 1524 tumultus
1179 1492 1227 1535 (p.
1255 1493 1343 1530 906).
1393 1490 1427 1524 ir
1452 1489 1635 1525 citchetou:
1667 1491 1753 1536 sing⁴
1781 1490 1880 1525 cilo-ec
1902 1493 1943 1532 (=
1969 1489 2102 1530 cilchet)
2125 1489 2169 1534 gl.
2195 1492 2245 1526 ta-

266 1538 389 1583 piseto„
414 1538 505 1572 insta
529 1538 579 1578 V,
603 1540 676 1577 44⁸,
701 1538 857 1571 transum
888 1539 960 1570 tum
987 1537 1035 1580 (p.
1063 1540 1160 1578 84l);
1195 1537 1272 1570 hod.
1299 1535 1451 1581 cylehed,
1478 1537 1524 1582 pl.
1550 1535 1747 1581 cylchedau,
1771 1537 1897 1577 velum,
1921 1536 2165 1578 velamentum,
2189 1547 2245 1570 ve-

266 1585 480 1626 stimentum,
505 1589 547 1617 ut
570 1583 676 1628 φανείῃ
701 1581 753 1615 αἰ·
773 1582 852 1627 yylc
894 1582 963 1615 dau
988 1582 1111 1622 (lectus
1137 1585 1172 1616 et
1196 1584 1269 1616 eius
1302 1583 1518 1625 velamenta).
1567 1582 1662 1623 estid,
1687 1592 1794 1627 supra
1816 1582 1843 1623 Ι,
1871 1585 1920 1616 6·.

363 1630 452 1672 (38b)
483 1628 656 1670 cemmein,
687 1629 711 1663 i.
737 1638 771 1674 q.
806 1628 876 1662 hib.
901 1630 969 1662 vet.
996 1628 1167 1669 ceimmen,
1192 1629 1282 1673 plur.
1308 1628 1418 1663 subst.
1443 1638 1520 1662 cam
1544 1630 1590 1672 (p.
1618 1630 1710 1670 293),
1736 1628 1815 1663 hod.
1842 1638 1983 1669 camau3
2017 1627 2132 1662 differt
2155 1639 2246 1662 eam-

265 1686 366 1717 man‚
391 1675 471 1711 hod.
497 1686 637 1715 caman,
663 1675 735 1715 via,
762 1674 851 1718 plur.
878 1684 1057 1714 comanam,
1083 1674 1201 1707 eadem
1228 1684 1292 1708 vox
1317 1684 1357 1709 ac
1380 1674 1439 1708 lat.
1466 1674 1553 1708 med.
1580 1674 1745 1714 caminus,
1771 1673 1940 1707 caminum
1965 1673 2055 1715 (vis,
2087 1674 2166 1714 iter)
2189 1684 2246 1719 sp.

268 1720 374 1765 Cang.
397 1723 433 1756 et
450 1721 527 1756 hod.
547 1721 624 1766 gall.
641 1719 779 1754 chemin.
804 1718 953 1766 pispaur
971 1719 1107 1761 mecvm,
1135 1719 1264 1755 tibicen
1280 1722 1416 1760 tuscum
1438 1720 1590 1765 pispaur
1607 1720 1800 1754 derivatum
1816 1720 1854 1753 in
1869 1729 1953 1753 -aur
1978 1721 2020 1761 (=
2037 1718 2090 1761 ἂν,
2114 1730 2148 1764 p.
2165 1721 2245 1762 829)

268 1766 342 1811 lego
365 1767 524 1812 equidem
553 1776 631 1800 cum
655 1776 708 1811 sp,
733 1765 924 1800 secundum
948 1764 1092 1800 formam
1118 1766 1253 1799 litterae
1277 1765 1517 1811 praecedentis
1541 1768 1622 1799 ante
1642 1776 1682 1811 p,
1707 1765 1848 1799 iunctae
1871 1775 1951 1799 cum
1961 1776 2008 1810 p3
2035 1774 2245 1818 quamquam

266 1822 285 1846 e
318 1812 436 1847 formis
466 1812 641 1846 hodiernis
672 1810 748 1857 pib,
775 1809 886 1857 pibell
915 1810 1116 1845 conicienda
1140 1813 1194 1845 est
1224 1813 1362 1845 vetusta
1410 1809 1525 1857 ipzmr.
1572 1811 1651 1846 Adi.
1678 1810 1804 1845 tuseoie
1828 1811 2080 1847 terminationis
2104 1820 2172 1845 -ou
2197 1812 2245 1856 (p.

268 1860 358 1897 29⁴).
410 1868 528 1899 eoorn,
553 1858 598 1903 gl.
622 1857 776 1902 plausus,
802 1866 867 1890 vox
893 1857 1049 1898 obscura,
1075 1857 1133 1891 vix
1158 1858 1347 1902 composita
1372 1865 1380 1895 (
1410 1857 1463 1891 od.
1490 1867 1564 1898 orn,
1589 1858 1749 1901 impetus,
1776 1857 2158 1898 vehementia3-omest,
2183 1857 2244 1892 du-

266 1903 383 1945 ellum,
407 1905 553 1949 pugna),
578 1913 657 1937 cum
682 1913 801 1948 praep.
826 1913 893 1944 cm,
920 1912 999 1936 con·
1025 1905 1105 1937 ante
1121 1903 1255 1937 vocales
1271 1903 1319 1937 sit
1335 1912 1420 1938 eem-
1445 1902 1540 1947 (kefl,
1565 1903 1663 1948 cyfi).
1698 1902 1761 1948 hep
1780 1901 1994 1947 osmynaubot‚
2020 1902 2094 1937 sine
2110 1904 2242 1937 mente:

266 1958 384 1995 praep.
411 1949 491 1995 hep,
518 1948 576 1982 heb
610 1949 659 1993 (p.
676 1951 780 1990 ‹679)3
814 1949 924 1983 subet.
951 1953 1161 1994 amynaupot
1184 1949 1220 1982 in
1246 1948 1380 1987 codice,
1409 1959 1437 1994 p
1470 1951 1585 1983 tamen
1614 1950 1735 1983 notata
1758 1948 1898 1994 punctis
1923 1947 2117 1983 delentibus
2139 1958 2245 1993 supra

267 1996 303 2029 et
326 1994 426 2036 infra,
451 1995 690 2039 suprascripta
715 1992 744 2034 b,
768 2003 850 2038 ergo
867 1993 1083 2038 αψηυοηααόοι,
1107 2005 1218 2038 comp.
1236 1995 1335 2028 cuius
1353 1994 1462 2028 forma
1477 1994 1663 2039 respondet
1679 1994 1758 2029 hod.
1771 1993 1945 2040 ymnabod
1965 1995 2039 2039 (pp.
2055 1996 2131 2028 575.
2148 1997 2243 2035 898>3

270 2041 420 2075 radicem
446 2041 583 2075 confero
606 2050 684 2074 cnm
710 2043 779 2074 vet.
796 2039 867 2074 hib.
882 2050 946 2085 με
970 2040 1074 2081 (Sent.
1098 2040 1167 2073 hib.
1185 2051 1216 2074 n.
1235 2042 1288 2083 9);
1316 2042 1427 2074 totum
1452 2040 1558 2085 igitur
1581 2038 1755 2083 significat
1779 2041 1833 2074 sui
1858 2039 2103 2074 conscientiam
2127 2041 2243 2085 (germ.

268 2086 490 2130 besinnung).
539 2084 733 2119 ereateeaul
749 2084 872 2131 plane,
897 2085 940 2129 gl.
966 2086 1110 2130 genialis
1136 2086 1264 2130 praeda
1288 2086 1423 2130 puellae
1447 2086 1502 2124 (de
1526 2086 1636 2129 raptis
1661 2085 1800 2120 Sabinis
1824 2088 1964 2127 sermo),
1995 2085 2021 2127 i,
2044 2095 2074 2120 e.
2097 2085 2244 2120 formosa

269 2132 391 2176 proles.
442 2132 519 2167 Adi.
544 2130 747 2172 creaticaul,
772 2130 964 2166 derivatum
989 2133 1044 2172 (ut
1068 2131 1159 2165 infra
1182 2141 1330 2176 sequens
1356 2131 1534 2172 burm-aul,-
1556 2131 1769 2172 victoriosus,
1795 2141 1813 2165 e
1837 2131 1947 2165 subst.
1972 2130 2052 2173 buzi,
2075 2131 2242 2173 victoria).

267 2177 356 2213 Hod.
379 2176 618 2218 substeread,
644 2176 812 2217 formatio,
838 2177 976 2218 creatio,
1002 2176 1069 2211 adi.
1088 2177 1237 2218 ereadol,
1265 2176 1676 2222 creacl190l‚f0rmativus,
1692 2177 1878 2222 plasticu83
1905 2178 2175 2221 transumptum.
2199 2187 2245 2211 an

268 2223 512 2258 eonferendum
535 2226 602 2257 vet.
629 2223 701 2265 bib.
726 2231 793 2263 cre,
818 2232 893 2267 gen.
920 2222 1024 2256 eriad
1056 2223 1201 2265 (massa,
1233 2224 1397 2265 materia,
1433 2233 1522 2268 quae
1546 2223 1713 2257 formatur
1735 2233 1757 2257 a
1778 2222 1897 2268 figulo)
1922 2222 2003 2258 Wb.
2028 2226 2078 2264 4⁶,
2103 2225 2139 2257 et
2164 2222 2247 2257 cerd

266 2268 456 2310 (formator,
479 2268 585 2309 faber)
608 2268 704 2303 Sent.
730 2267 799 2303 hib.
825 2278 859 2302 n.
887 2270 954 2302 19?
996 2268 1111 2314 plant,
1139 2271 1205 2303 vet.
1231 2269 1302 2304 hib.
1328 2268 1448 2309 eland,
1475 2268 1691 2303 collectivum
1716 2269 1766 2312 (p.
1791 2271 1861 2309 66).
1908 2277 1973 2313 nep
1997 2278 2060 2311 un,
2089 2278 2161 2303 una
2184 2267 2244 2303 ali·

269 2324 338 2358 qua
361 2317 430 2359 (pp.
454 2317 532 2349 315.
549 2316 640 2355 405).
676 2313 814 2355 trudon,
840 2313 882 2357 gl.
900 2314 1045 2348 occellos
1067 2315 1129 2355 (ita
1153 2314 1282 2356 codex),
1308 2314 1363 2348 eui
1387 2314 1659 2359 suprascribitur
1682 2314 1743 2348 lat.
1767 2313 1895 2355 oculos,
1920 2314 2029 2348 subst.
2054 2314 2145 2359 plur.
2169 2315 2244 2348 sine

267 2359 384 2401 dubio,
410 2360 470 2394 sed
494 2359 599 2394 nimis
623 2360 775 2393 incertae
800 2360 1011 2403 scriptionis.
1050 2359 1092 2394 ln
1108 2360 1199 2395 linea
1223 2360 1390 2405 scriptum
1416 2362 1469 2394 est
1493 2365 1610 2399 truou3
1636 2360 1726 2394 infla
1749 2363 1764 2393 t
1786 2360 1915 2399 autem,
1940 2361 1975 2393 et
1998 2368 2105 2404 supra
2127 2370 2151 2394 u
2173 2369 2242 2394 me-

267 2405 360 2440 diam
391 2406 605 2450 conspicitur
634 2405 750 2439 littera
780 2405 956 2439 simillima
986 2405 1012 2440 d
1042 2406 1231 2440 inclinatae
1261 2416 1367 2441 manu
1396 2406 1557 2450 scriptae.
1605 2405 1657 2439 Ex
1688 2415 1757 2449 qus
1787 2405 1976 2449 scriptione
2006 2406 2094 2440 nihil
2126 2415 2244 2440 eruere

269 2460 408 2496 possum
434 2452 503 2485 nisi
526 2451 615 2485 forte
635 2450 783 2496 yrudm,
809 2451 934 2493 mala83
960 2451 997 2485 in
1016 2450 1100 2487 Voc.
1116 2450 1219 2497 yma,
1245 2452 1394 2493 maxilla,
1418 2451 1497 2486 hod.
1512 2450 1639 2496 gir-add,
1663 2451 1711 2495 pl.
1724 2449 1913 2495 yruddiau.
1949 2449 2113 2495 diyatma,
2139 2460 2245 2496 supra

268 2499 341 2531 3⁷⁰.
389 2496 661 2542 rinyuedaulion,
687 2496 731 2541 gl.
758 2507 893 2538 arcana,
919 2496 1079 2541 pluralis,
1103 2503 1146 2531 ut
1170 2498 1340 2533 ediec-tiva
1364 2497 1541 2531 hibernica
1564 2507 1639 2542 gen.
1664 2498 1778 2531 neutr.
1804 2498 1853 2540 (p.
1879 2499 1979 2538 919),
2013 2507 2034 2530 a
2057 2497 2143 2542 sing.
2169 2496 2243 2530 rin-

264 2542 432 2588 9uedaul,
465 2542 619 2577 derivato
649 2551 668 2576 e
697 2541 809 2576 subst.
837 2541 999 2587 rinqued,
1029 2547 1140 2588 comp.
1165 2553 1184 2577 e
1207 2543 1282 2584 rin,
1317 2545 1382 2578 vet.
1408 2543 1479 2577 hib.
1504 2542 1573 2576 νάπ
1596 2545 1669 2588 (pp.
1694 2545 1749 2576 95.
1779 2544 1872 2583 100),
1903 2543 1938 2576 et
1959 2540 2051 2586 qued
2072 2543 2121 2586 (p.
2147 2543 2242 2585 890).

268 2588 361 2623 Idem
377 2588 487 2624 subst.
511 2588 550 2623 in
565 2587 672 2622 flaba
697 2585 868 2621 rinwedeu
889 2598 913 2639 y
936 2598 1034 2622 maen
1057 2590 1229 2631 (virtutes,
1252 2589 1437 2623 facultates
1460 2598 1606 2626 arcanae
1628 2587 1767 2633 lapidis)
1794 2592 1823 2629 1,
1841 2590 1918 2621 271.
1944 2590 1976 2628 2,
1993 2590 2071 2629 377,
2096 2589 2133 2622 et
2156 2587 2242 2624 adt:

267 2644 365 2668 maen
388 2632 601 2674 rinmedaffl,
625 2632 713 2668 mein
735 2633 838 2678 eaffir
859 2632 1073 2675 rmweclawl,
1097 2633 1219 2680 ἀιυωμν
1241 2633 1445 2668 rinwedawl
1466 2632 1579 2678 (lapis,
1604 2643 1696 2679 aqua
1718 2633 1895 2667 facultatis
1919 2636 2077 2674 arcanae)
2106 2637 2137 2674 2,
2163 2636 2242 2670 388.

270 2682 350 2715 389.
375 2680 408 2721 3,
433 2682 512 2713 301.
547 2678 657 2715 Hodie
682 2687 819 2723 quoque
840 2677 1022 2713 rhinwedd
1045 2679 1180 2722 (virtus,
1205 2681 1433 2725 mysterium),
1456 2677 1710 2713 rhinweddawl
1731 2679 1917 2721 (arcanus).
1954 2678 2026 2712 troi
2046 2677 2243 2720 emmim,

270 2735 334 2771 per
357 2726 481 2760 nutus:
513 2722 599 2766 troi,
625 2724 706 2759 hod.
730 2728 819 2770 trwy
841 2726 888 2768 (p.
914 2726 1011 2767 665>3
1044 2724 1247 2767 mmmmm,
1272 2726 1314 2762 cf.
1339 2726 1432 2761 verb.
1456 2725 1647 2766 emmtz'am,
1672 2734 1779 2769 supra
1802 2725 1828 2766 I,
1853 2726 1889 2758 3⁶
1914 2730 1962 2770 (p.
1988 2726 2080 2766 869).
2128 2723 2242 2766 careri,

270 2770 316 2816 gl.
340 2772 435 2811 nota,
458 2769 537 2805 hod.
563 2769 693 2823 eerydd
713 2771 786 2815 (pp.
812 2773 867 2803 82.
892 2771 985 2812 836).

363 2817 450 2857 (39·)
497 2814 639 2857 hachet,
671 2815 715 2860 gl.
747 2814 978 2850 excutiendus
1009 2816 1093 2857 erit3
1128 2815 1197 2851 nisi
1227 2826 1245 2849 c
1292 2815 1375 2850 ‘tare
1405 2815 1490 2850 velis
1519 2816 1562 2851 de
1590 2815 1705 2850 radice
1736 2814 1802 2849 Ιιαο
1827 2829 1855 2844 =
1878 2825 1940 2849 sae
1971 2816 2010 2850 in
2033 2825 2137 2860 germ.
2162 2815 2244 2849 sabe

271 2862 418 2903 (culter),
445 2862 506 2896 lat.
528 2870 657 2902 secare,
680 2861 773 2895 unde
799 2861 877 2895 hod.
902 2859 980 2902 hae,
1003 2862 1107 2903 ictus,
1131 2861 1244 2907 plaga,
1293 2861 1382 2901 acio,
1407 2861 1558 2903 caedere,
1582 2863 1624 2895 ut
1647 2862 1695 2896 sit
1720 2860 1738 2894 b
1755 2861 1892 2905 signum
1908 2860 2019 2895 futuri
2034 2861 2159 2902 celtici,
2185 2861 2242 2895 hic

273 2907 378 2941 etiam
402 2907 440 2942 in
463 2907 583 2951 lingua
608 2906 779 2941 cambries
803 2908 996 2947 servatum,
1022 2908 1057 2941 oi
1079 2906 1277 2942 terminatio
1302 2910 1333 2940 9.
1357 2915 1409 2951 ps,
1434 2907 1535 2951 sing„
1559 2917 1647 2951 quae
1672 2906 1772 2941 hodie
1797 2908 1851 2940 est
1874 2911 1958 2951 ww,
1983 2906 2009 2941 i.
2032 2916 2062 2941 e.
2085 2916 2138 2951 wy
2162 2916 2241 2940 cum

273 2956 286 2986 t
318 2951 531 2995 pronominis
563 2951 606 2993 ti,
641 2951 697 2986 vix
722 2952 822 2986 aliter
844 2952 1011 2997 explicari
1034 2952 1179 2997 poterit,
1211 2952 1279 2987 nisi
1303 2955 1344 2986 ut
1368 2951 1434 2986 leae
1457 2953 1503 2986 sit
1527 2953 1725 2986 coniunctio
1748 2962 1792 2986 ae
1816 2953 1870 2993 (ut
1892 2953 1982 2986 infra
2005 2950 2070 2985 hac
2096 2963 2138 2986 or
2162 2951 2242 2986 aele-

271 2999 415 3039 mmwu),
439 2996 496 3031 boi
516 2997 625 3031 forma
648 2997 816 3031 vetustior
840 3000 872 3032 3.
897 3007 986 3042 pers.
1009 2998 1098 3043 sing.
1124 2997 1333 3032 coniunctivi
1359 2998 1413 3038 (ut
1436 2997 1529 3042 apud
1557 2997 1639 3032 Dav.
1665 3008 1783 3043 carwy
1806 3007 1868 3042 pro
1893 3001 2008 3038 caro),
2032 2997 2152 3042 itaque
2176 2996 2242 3032 hac

272 3041 346 3076 boi·-
376 3043 615 3088 (simunstque
645 3043 736 3077 erit?
785 3042 818 3075 ir
843 3042 997 3085 art-seem,
1031 3044 1075 3088 gl.
1101 3044 1254 3084 nullum,
1285 3043 1462 3087 pulverem
1491 3046 1631 3077 excute:
1667 3042 1775 3084 seem,
1806 3043 1884 3077 hod.
1905 3041 2021 3088 ysyeth
2044 3046 2079 3077 et
2098 3042 2241 3088 ysywtlt,

271 3088 434 3132 repulsio,
455 3088 682 3132 compositum
709 3099 784 3121 cum
812 3089 983 3132 particula
1006 3089 1178 3133 privativa
1202 3089 1275 3123 loco
1300 3088 1461 3123 adiectivi
1485 3089 1635 3133 positum
1660 3088 1797 3123 videtur
1819 3088 2014 3132 significare
2036 3099 2104 3122 non
2126 3088 2241 3133 repul-

271 3144 355 3175 sum,
380 3134 572 3179 pulverem;
600 3135 751 3168 attamen
777 3133 820 3167 ob
845 3134 978 3168 litteras
1001 3145 1025 3167 η
1047 3137 1083 3169 et
1106 3146 1127 3168 r
1150 3134 1187 3168 in
1212 3134 1388 3168 codicibus
1413 3135 1467 3168 his
1492 3134 1685 3168 simillimas
1708 3134 1835 3179 poterit
1856 3134 1922 3178 leg-i
1937 3132 2124 3173 inamcetlz.
2149 3134 2240 3179 quod

272 3181 364 3212 esset
397 3178 497 3213 hodie
526 3190 574 3223 yn
604 3178 794 3223 απμεφυῑὴ,
827 3178 965 3219 leniter,
999 3181 1147 3214 molliter
1171 3182 1294 3214 excute
1318 3180 1509 3224 pulverem3
1546 3179 1587 3214 cf.
1614 3179 1681 3213 adi.
1706 3190 1752 3213 an
1773 3178 1897 3224 «9910τή,
1921 3179 1996 3213 sine
2020 3179 2071 3220 vi,
2096 3179 2238 3223 impetu.

276 3223 410 3266 amlais,
437 3225 503 3259 adi.
530 3234 640 3269 comp.
666 3234 684 3258 e
708 3234 823 3269 praep.
851 3235 904 3257 am
932 3225 1087 3265 (circum)
1113 3227 1148 3259 et
1172 3225 1249 3265 lai-5,
1277 3224 1355 3259 hod.
1381 3225 1463 3259 llaee
1488 3227 1535 3269 (p.
1558 3227 1645 3266 102),
1669 3235 1737 3269 pen
1762 3234 1834 3266 ens,
1859 3224 2039 3266 demissus,
2064 3224 2106 3258 de
2131 3227 2241 3258 veste:

274 3270 400 3303 amlaes
425 3280 464 3303 eu
486 3269 614 3314 peisieu
636 3270 772 3314 (longae
797 3279 913 3303 eorum
941 3271 1092 3312 tunicae)
1118 3272 1155 3304 in
1179 3281 1278 3305 versu
1302 3271 1464 3304 Taliesini
1489 3271 1622 3315 prolato
1639 3271 1682 3304 ab
1701 3271 1825 3306 Oweno
1841 3269 1959 3313 injex.
1997 3269 2239 3314 irdiyatmaem,

273 3325 379 3358 supra
403 3315 474 3349 37¹2.
523 3314 699 3355 irminae,
733 3315 883 3348 libellus:
917 3316 1031 3350 Oweni
1060 3316 1192 3350 lexicon
1218 3318 1346 3361 profert
1370 3316 1480 3350 subst.
1507 3315 1581 3355 σαί,
1614 3316 1661 3359 pl.
1688 3316 1799 3356 σείου,
1836 3315 2004 3356 collectio,
2037 3318 2071 3349 et
2095 3314 2240 3359 σαίαωρ,

274 3360 342 3396 adi.
365 3359 591 3405 compositus,
624 3360 735 3394 subet.
761 3360 854 3394 liber.
903 3365 1053 3401 martra,
1085 3362 1268 3395 merlinus:
1306 3364 1392 3405 part.
1417 3372 1502 3402 mor,
1537 3372 1660 3404 quam,
1692 3364 1774 3395 ante
1800 3361 1969 3395 adiectiva
1992 3360 2240 3395 interiectionis

275 3406 347 3438 loco
370 3407 420 3450 (p.
437 3409 502 3439 722
518 3408 613 3446 not),
644 3406 743 3439 hodie
768 3415 905 3450 quoque
928 3406 979 3440 its
1001 3408 1148 3447 usitata3
1173 3418 1248 3440 mor
1273 3413 1341 3449 ινα,
1367 3417 1471 3452 quam
1496 3407 1648 3441 infelix?
1666 3407 1742 3442 Adi.
1768 3411 1835 3448 eru,
1862 3406 1975 3447 miser,
2000 3406 2172 3440 diversum
2195 3407 2239 3440 ab
