2336 3736
656 186 713 229 II.
749 189 783 228 1.
829 199 1079 230 Amucnms
1110 200 1392 231 nisssssmcns.
1797 189 1893 231 (229)
1934 192 2015 232 ‘209

64 308 251 350 cuiusvis
286 308 473 364 generis,
513 308 694 364 denique
730 309 773 350 in
809 309 954 352 formis
993 309 1142 352 INNA
1180 316 1221 352 et
1258 309 1477 366 INNAN)
1516 316 1588 352 aut
1625 317 1751 353 aucta
1789 313 2019 355 accedente

63 375 200 415 media
231 375 270 415 D
303 375 369 428 (ut
398 376 441 416 in
476 390 568 431 gen.
603 376 708 431 sing.
744 383 785 417 et
812 392 920 418 nom.
951 377 1058 433 plur.
1090 378 1258 433 generis
1288 377 1511 419 masculini
1544 383 1586 419 et
1615 377 1656 418 in
1691 378 1773 419 dat.
1807 379 1914 434 sing.
1947 395 2014 421 cu-

63 441 197 483 iusvis
227 443 418 497 generis,
450 443 495 483 in
526 443 658 484 forma
688 443 815 498 IND)
847 459 955 499 quae
983 444 1028 485 in
1059 450 1227 485 tenuem
1258 459 1424 500 quoque
1454 443 1489 486 T
1519 444 1782 499 provehitur,
1828 445 1920 487 sive
1952 461 2017 488 se-

63 507 203 564 quitur
233 508 263 551 S
297 509 339 549 in
369 508 578 564 principio
609 510 727 552 vocis
756 511 1069 563 mortificanda,
1112 511 1201 553 sive
1239 511 1366 567 periit
1396 510 1426 554 S
1459 511 1694 553 terminalis
1733 511 1804 566 (id
1834 512 1944 567 quod
1977 513 2015 553 in

62 589 171 615 nom.
205 575 312 630 sing.
346 576 568 617 masculini
601 578 767 631 generis
798 577 951 619 factum
980 592 1076 620 esse
1108 578 1294 619 ostendit
1324 578 1519 633 analogia
1560 593 1654 619 cum
1681 577 1916 633 linguarum
1950 594 2020 620 co-

63 647 281 695 gnatarum
311 648 396 683 tum
428 643 594 698 priscae
625 644 803 698 gallicae
835 645 1068 700 conspicua
1100 645 1143 686 in
1173 645 1354 686 flexione
1384 643 1641 698 nominum).
1710 643 1947 700 Singularis
1980 646 2020 687 N

62 708 378 763 (praeterquam
408 709 451 750 in
480 711 616 752 neutri
650 712 820 766 generis
852 711 1113 753 nominativo
1154 717 1195 752 et
1224 710 1468 753 accusativo
1499 711 1660 753 numeri
1692 711 1918 766 singularis
1951 727 2019 754 ca-

63 774 201 828 sibus,
235 776 305 831 qui
337 776 568 833 simplicem
600 778 641 820 N
671 787 768 820 ante
796 780 987 832 vocales,
1020 778 1204 830 medias,
1244 777 1429 833 liquidas
1460 784 1631 819 servant
1667 778 1736 819 vel
1767 779 2015 832 assimilant,

62 843 238 884 eandem
274 845 469 886 amittunt
507 851 604 886 ante
634 852 782 887 tenues
814 852 855 887 et
885 846 1115 901 spirantes,
1155 861 1237 887 non
1278 845 1404 901 igitur
1443 844 1572 885 radici
1614 845 1690 887 sed
1732 846 2019 888 terminationi

70 910 356 968 tribuendam)
385 928 471 953 non
503 917 618 954 extat
645 913 729 954 nisi
759 913 802 954 in
832 913 976 954 formis
1007 913 1227 968 aphaeresi
1260 913 1432 954 curtatis
1463 912 1691 953 eorundem
1722 928 1912 966 casuum,
1951 914 2019 971 qui

71 977 279 1033 bisyllaba
309 980 412 1021 alias
442 980 576 1021 forma
606 985 787 1032 utuntur,
820 995 870 1021 ac
901 995 1068 1035 semper
1097 979 1184 1021 fere
1215 980 1257 1020 in
1288 980 1369 1021 dat.
1392 979 1512 1034 plur,
1545 984 1616 1019 aut
1646 993 1738 1020 cum
1768 982 1894 1035 periit
1924 996 2022 1022 con·

69 1058 174 1085 sona
203 1046 448 1087 terminalis.
500 1046 644 1099 Quare
675 1047 883 1103 suspicari
905 1047 1016 1099 licet,
1048 1046 1130 1088 ND
1162 1047 1214 1088 ab
1246 1047 1407 1102 origine
1439 1046 1491 1087 ad.
1521 1046 1662 1087 thema
1690 1047 1853 1088 articuli
1883 1047 2022 1089 hiber-

69 1110 151 1152 nici
189 1114 442 1158 pertinuisse
479 1129 558 1155 nec
596 1114 679 1155 nisi
712 1113 1016 1155 assimilatione
1053 1114 1166 1155 facta
1202 1115 1244 1155 in
1277 1114 1356 1155 NN
1398 1121 1439 1153 et
1468 1114 1509 1154 N
1545 1113 1765 1155 transisse.
1832 1116 2024 1170 Apparet

64 1186 198 1219 autem
244 1196 293 1221 cx
325 1181 458 1222 altera
497 1182 631 1223 forma
660 1181 789 1223 dativi
821 1187 863 1221 et
893 1180 1144 1233 accusativi,
1185 1196 1292 1236 quae
1331 1181 1422 1221 sola
1460 1180 1648 1235 sequitur
1682 1180 2023 1235 praepositiones

66 1247 268 1301 quasdam
300 1247 358 1302 (a,
390 1262 475 1297 ren,
505 1251 613 1299 τάφφτ,
644 1263 715 1289 con
747 1264 843 1290 cum
874 1247 1035 1296 dativo,
1071 1248 1124 1299 la,
1143 1247 1226 1302 fri,
1259 1249 1325 1297 tri,
1358 1255 1441 1300 lar,
1475 1262 1518 1287 eo
1549 1263 1643 1288 cum
1675 1247 1934 1298 accusativo,
1962 1248 2020 1298 in,

53 1311 130 1365 for
159 1327 253 1354 cum
286 1320 461 1370 utroque
492 1330 594 1357 casu
617 1315 916 1370 constructas),
950 1314 981 1357 S
1011 1329 1178 1371 quoque
1209 1314 1420 1370 principio
1450 1312 1614 1356 articuli
1643 1314 1856 1369 propriam
1878 1313 2021 1364 fuisse,

63 1393 171 1433 quae
201 1386 352 1435 postea
379 1381 465 1423 fere
496 1382 689 1438 perierit,
724 1388 913 1424 servetur
943 1389 1082 1424 tamen
1112 1388 1210 1438 post
1239 1382 1331 1423 illas
1361 1381 1717 1436 praepositiones.
1786 1371 2021 1423 Statuiinus

62 1445 190 1500 igitur
219 1447 360 1490 thema
390 1449 555 1491 articuli
587 1449 725 1493 SIND
756 1449 819 1505 (=
838 1449 1004 1504 sanda),
1037 1449 1159 1491 cuius
1193 1450 1331 1491 locum
1361 1448 1404 1489 in
1424 1463 1537 1489 nom.
1571 1455 1612 1489 et
1640 1463 1728 1489 acc.
1753 1448 1862 1503 sing.
1886 1454 2023 1490 neutr-

61 1519 177 1555 tenet
208 1512 296 1556 SA.

178 1582 324 1638 ltaque
354 1582 511 1625 formae
541 1584 755 1639 pleniores
787 1589 952 1627 extant:
994 1583 1108 1631 INT,
1140 1583 1245 1626 IND
1276 1582 1472 1639 (SIND),
1505 1583 1611 1625 INN
1640 1582 1833 1638 (SINN),
1864 1582 2025 1635 INNA,

62 1648 265 1701 INNAN,
297 1650 382 1691 AN
412 1650 591 1706 (SAN);
623 1652 779 1694 formae
810 1658 1014 1694 curtatae:
1048 1652 1142 1705 NA,
1176 1651 1323 1703 NAN,
1357 1650 1430 1694 SN
1445 1685 1454 1703 ,
1489 1650 1631 1692 NAIB
1665 1649 1897 1705 (SNAIB).
1958 1649 2027 1690 Ex

62 1716 129 1758 his
167 1717 317 1759 INNA
354 1718 480 1772 (NA)
520 1726 562 1760 et
602 1719 745 1761 NAIB
777 1719 998 1775 (SNAIB)
1038 1733 1117 1760 nec
1148 1719 1268 1774 ipsae
1304 1717 1348 1759 in
1380 1718 1464 1759 fine
1501 1722 1714 1758 mutantur
1755 1731 1835 1758 nec
1865 1722 2030 1757 mutant

63 1797 293 1826 consonam
337 1792 600 1841 sequentem3
638 1785 830 1829 INNAN
860 1786 920 1841 (N
927 1786 1027 1841 AN)
1068 1793 1109 1828 et
1137 1786 1221 1828 AN
1253 1785 1412 1840 (SAN)
1450 1785 1640 1840 integrae
1678 1790 1901 1826 servantur
1930 1789 2027 1824 ante

67 1851 249 1902 vocales,
284 1853 464 1905 medias,
495 1853 679 1910 liquidas
711 1854 814 1909 (nisi
847 1854 959 1910 quod
989 1854 1153 1895 mediae
1185 1854 1208 1894 b
1238 1858 1280 1894 et
1309 1852 1483 1908 liquidis
1517 1867 1570 1905 m,
1603 1853 1629 1904 l,
1659 1867 1683 1891 r
1711 1852 1971 1893 assimilatur
2000 1867 2028 1892 ‘n

66 1920 334 1975 terminalis),
367 1928 465 1963 ante
487 1928 649 1963 cetera-s
682 1937 892 1964 consonas
923 1921 1105 1964 reiciunt
1134 1939 1174 1973 n,
1204 1920 1310 1962 nihil
1330 1927 1469 1962 tamen
1500 1926 1663 1961 mutare
1695 1920 1834 1960 solent
1863 1920 1904 1960 in
1928 1934 2029 1960 con-

68 2002 174 2028 sona
202 1989 413 2043 proxima3
446 1989 560 2040 JNT,
593 1988 712 2031 cuius
743 1990 983 2045 analogiam
1012 1989 1099 2031 fere
1130 1988 1320 2044 sequitur
1349 1987 1454 2028 INN
1484 1986 1685 2041 (SINN),
1725 2001 1776 2026 an
1789 1992 1826 2026 te
1858 1987 2027 2027 *coi-,alos

69 2055 180 2096 solas
212 2055 378 2112 integra
408 2063 611 2110 servatur,
641 2063 740 2099 ante
761 2058 993 2114 quamlibet
1011 2072 1242 2099 consonam
1270 2055 1462 2111 privatur
1491 2068 1680 2095 consona
1710 2053 1930 2105 terminali,
1964 2069 2028 2093 so-

71 2128 266 2177 quentem
299 2131 435 2166 autem
466 2125 647 2166 litteram
676 2141 761 2167 non
791 2132 936 2168 mutat.
996 2124 1140 2179 Magis
1169 2123 1306 2165 variat
1333 2121 1440 2165 IND
1472 2120 1673 2175 (SIND),
1707 2135 1813 2175 quae
1844 2120 1934 2161 sola
1970 2121 2029 2161 in-

66 2190 154 2232 ficit
193 2205 422 2233 consonam
457 2198 723 2247 sequentem,
766 2199 937 2235 servata
972 2198 1068 2234 ante
1099 2191 1283 2247 liquidas
1323 2196 1364 2232 et
1393 2189 1685 2231 mortificatam
1706 2188 1742 2239 f
1767 2202 1816 2227 ac
1850 2187 2032 2238 vocales,

64 2258 277 2300 transiens
310 2259 353 2299 in
385 2257 485 2300 INT
517 2265 614 2300 ante
644 2275 662 2299 8
692 2267 935 2312 emortuam,
967 2260 1011 2300 in
1042 2259 1106 2300 IN
1136 2265 1231 2299 ante
1262 2263 1413 2298 tenues
1445 2263 1487 2297 et
1515 2255 1691 2296 medias.
1757 2254 2030 2308 instinguen-

69 2325 146 2366 dae
180 2325 307 2380 igitur
339 2332 437 2368 sunt
468 2326 771 2369 collocationes
802 2333 899 2368 ante
930 2334 1093 2378 tenues,
1126 2333 1223 2367 ant-e
1255 2324 1434 2373 medias,
1468 2329 1565 2363 ante
1595 2321 1796 2377 liquidas,
1830 2327 1925 2361 ante
1960 2335 2029 2361 vo-

70 2392 197 2445 cales,
233 2399 331 2434 ante
360 2407 379 2432 s
410 2398 452 2434 et
474 2392 513 2447 f.
572 2392 641 2434 De
673 2393 786 2435 duali
818 2409 867 2435 ac
899 2395 951 2436 de
981 2392 1158 2435 ablativi
1188 2391 1380 2447 reliquiis
1412 2389 1520 2430 infra.
1550 2393 1710 2444 agetur.

180 2457 362 2502 Schema
394 2466 532 2502 autem
563 2460 742 2513 articuli,
774 2460 1040 2516 probandum
1071 2458 1275 2514 deinceps
1309 2456 1516 2512 exemplis
1553 2470 1576 2497 e
1608 2454 1826 2496 codicibus
1861 2454 2027 2506 uostris,

67 2533 134 2569 est
161 2526 314 2569 hocce:

973 2582 1117 2637 Sing.

519 2660 656 2703 Maso.
983 2659 1100 2701 Fem.
1429 2656 1471 2697 N
1474 2662 1577 2698 eutr.

337 2727 462 2769 Nom.
503 2729 578 2779 int,
608 2729 652 2767 in
951 2728 1037 2778 ind,
1068 2728 1113 2766 in
1413 2738 1481 2773 cm,
1511 2739 1555 2763 a,

339 2793 448 2836 Gen.
497 2795 584 2845 ind,
614 2795 659 2834 in
949 2794 1065 2844 inna,
1093 2795 1162 2832 mc*
1411 2791 1497 2840 incl,
1531 2791 1571 2829 in

339 2860 437 2903 Dat.
498 2861 646 2913 (szjnd,
677 2860 783 2912 (22an
955 2859 1106 2912 (szffied,
1140 2859 1244 2909 (80⁷2
1418 2856 1563 2906 (suspect,
1599 2856 1703 2907 &On

339 2930 444 2971 Aeo.
494 2929 643 2980 (vinu,
675 2928 783 2980 (affin
954 2927 1104 2979 (φέγγη,
1136 2925 1242 2979 (sfiu
1415 2925 1548 2978 (θην,
1581 2926 1686 2974 (syn.

982 3050 1120 3091 Plur.

338 3129 461 3171 Nom.
490 3130 576 3181 incl,
605 3131 649 3170 in
948 3130 1063 3181 imm,
1096 3143 1151 3167 na
1411 3127 1526 3175 ἰἠηα,
1557 3139 1612 3163 πα,

341 3196 451 3239 Gen.
498 3199 683 3249 (nonan,
716 3197 859 3255 (in-Just
886 3218 896 3289 l

340 3264 439 3305 Dat.
499 3264 670 3318 (afflando,
704 3264 846 3317 (symb
896 3294 902 3300 .
933 3264 976 3303 in
1007 3263 1141 3304 tribus
1173 3260 1415 3315 generibus.

339 3332 446 3373 Aee.
496 3334 611 3383 iuna,
635 3332 752 3384 (sym

163 3409 287 3450 zan-s,
313 3419 450 3443 ommi.
482 3419 584 3444 esur.
634 3410 701 3442 En.
727 3406 768 3441 11.
1726 3406 1769 3435 14
