2336 3736
201 282 443 313 APPENDIX.
503 282 723 313 sracmnn
757 282 934 313 comcis
967 283 1197 314 memmei
1227 284 1454 315 pmscmm
1485 283 1550 314 se.
1619 274 1873 314 (low—1025>
1916 274 2019 315 1017

59 395 225 450 plenam
258 392 446 436 ostendit
475 392 744 445 sententiam,
777 399 822 435 ut
843 394 974 437 verba
1001 395 1256 451 imperativa
1286 402 1327 438 et
1347 399 1587 451 responsa,¹
1605 397 1621 423 ²
1657 409 1764 450 quae
1788 410 1917 451 saepe
1938 410 2023 437 una

60 460 245 503 dictione
275 460 552 517 complentur,
587 465 631 501 ut
661 460 698 502 si
730 460 881 513 dicam,
913 461 1015 517 quid
1046 469 1112 504 est
1143 479 1349 505 summum
1382 465 1539 505 bonum
1570 463 1613 504 in
1634 463 1753 506 vita?
1785 470 1826 505 et
1844 478 2021 518 respon·

59 527 159 570 deat
188 528 304 584 quis:
343 527 615 580 honestas,¹³
649 526 766 579 dico,
799 527 911 569 bona
939 529 1130 571 oratione
1168 531 1400 584 respondit.
1461 530 1610 572 Partes
1651 531 1780 586 igitur
1817 529 2021 573 orationis

59 603 158 639 sunt
188 595 422 637 secundum
453 594 702 638 dialecticos
733 594 860 647 duae,
898 610 1053 637 nomen
1085 603 1127 638 et
1155 597 1352 649 verbum,
1392 597 1493 651 quia
1520 597 1601 640 hae
1633 597 1749 640 solae
1788 598 1917 639 etiam
1950 611 2023 653 per

63 677 110 704 se
141 661 390 704 coniunctae
422 661 587 718 plenam
619 661 781 704 faciunt
816 661 1071 714 orationem3
1108 663 1214 704 alias
1244 670 1385 705 autem
1425 672 1567 719 partes
1608 669 2015 719 syncategoremata,

61 728 140 770 hoc
178 735 263 780 est,
303 728 675 784 consignificantia
712 728 1000 784 appellabant.
1068 729 1307 772 Secundum
1348 729 1517 774 Stoicos
1558 747 1659 774 vero
1695 732 1883 788 quinque
1922 736 2022 772 sunt

59 796 151 838 eius
181 803 345 852 partes:
384 810 559 849 nomen,
591 795 847 853 appellatio,
883 796 1075 849 verbum,
1108 811 1345 852 pronomen
1376 798 1468 839 sive
1499 799 1728 850 articulus,
1767 797 2022 840 coniunctio.

59 862 168 904 Nam
208 861 475 919 participium
507 870 861 906 connumerantes
899 863 1042 905 verbis
1082 863 1350 919 participiale
1394 865 1565 907 verbum
1598 866 1810 908 vocabant
1844 864 1913 907 vel
1954 879 2023 907 ca·

60 930 200 983 suale,
237 944 319 973 nec
354 945 439 972 non
470 929 594 972 etiam
635 929 839 973 adverbia
866 930 1111 972 nominibus
1145 930 1214 972 vel
1243 930 1386 973 verbis
1418 933 1781 974 connumerabant
1820 938 1862 974 et
1901 930 2024 987 quasi

59 997 272 1040 adiectiva
304 997 526 1039 verborum
557 1012 609 1040 ea
638 997 937 1049 nominabant;
979 996 1169 1046 articulis
1200 1002 1338 1039 autem
1369 1000 1622 1055 pronomina
1659 1004 2024 1051 connumerantes,

58 1063 203 1107 finitos
234 1080 286 1107 ea
315 1063 517 1106 articulos
547 1063 843 1121 appellabant,
886 1064 1005 1121 ipsos
1038 1070 1175 1106 autem
1208 1065 1433 1117 articulos,
1466 1067 1620 1121 quibus
1651 1081 1730 1108 nos
1762 1069 2019 1119 oal‘emus‚¹⁴

60 1131 249 1174 infinitos
281 1131 482 1173 articulos
521 1131 740 1184 dicebant,
780 1131 869 1185 vel,
907 1138 953 1173 ut
988 1132 1060 1174 alii
1096 1132 1266 1184 dicunt,
1309 1132 1510 1174 articulos
1541 1135 1901 1176 connumerabant
1929 1149 2026 1190 pro-

60 1198 302 1241 nominibus
339 1204 382 1240 et
421 1197 665 1241 articularia
707 1213 782 1241 eos
829 1199 1079 1255 pronomina
1123 1201 1346 1242 vocabant.
1423 1198 1472 1241 In
1518 1214 1601 1255 quo
1649 1199 1745 1242 illos
1785 1201 1921 1243 adhuc
1961 1216 2026 1244 se·

60 1265 228 1322 quimur
268 1265 458 1318 Latini,¹
511 1265 705 1322 quamvis
749 1265 970 1322 integros²
1019 1266 1063 1308 in
1109 1274 1257 1309 nostra
1308 1282 1393 1308 non
1438 1266 1681 1309 invenimus
1728 1267 1876 1323 lingua
1929 1269 2028 1311 arti·

58 1332 191 1376 culos.
256 1332 365 1375 Nam
405 1348 499 1375 cum
534 1333 714 1376 dicimus
752 1333 910 1387 idem,³
954 1328 978 1378 ὁ
1010 1328 1168 1387 αὐτός,
1210 1350 1295 1377 non
1330 1334 1466 1377 solum
1502 1334 1742 1386 articulum,
1784 1335 1860 1377 sed
1903 1335 2027 1378 etiam

60 1415 297 1456 pronomen
343 1400 385 1442 in
433 1401 579 1443 eadem
624 1400 811 1444 dictione
857 1401 1149 1457 significamus
1169 1405 1184 1428 ⁴
1251 1400 1458 1445 Similiter
1498 1401 1595 1457 qui,
1644 1397 1782 1454 ὅςτις,
1825 1403 2028 1446 articulus

58 1467 357 1511 subiunctivus
388 1468 649 1524 intellegitur
679 1484 764 1511 una
793 1484 889 1512 cum
915 1469 1169 1526 pronomine
1205 1469 1438 1512 secundum
1474 1470 1680 1525 quosdam
1711 1469 1898 1524 infinito,
1939 1472 2030 1515 sive

57 1536 192 1592 magis
238 1550 332 1579 cum
377 1536 592 1588 nomine,·'‘
647 1542 690 1578 ut
733 1536 991 1592 Apollonius
1038 1536 1225 1579 ostendit
1268 1537 1512 1579 firmissima
1551 1537 1727 1580 ratione.
1803 1537 2029 1595 Praeposi-

61 1604 218 1646 tionem
251 1618 421 1660 quoque
454 1603 586 1646 Stoici
617 1604 906 1647 coniunctioni
940 1603 1190 1660 copulantes
1220 1604 1554 1660 praepositivam
1586 1604 1926 1648 coniunctionem
1955 1621 2030 1648 vo-

60 1671 227 1714 cabant.
294 1669 483 1725 Quidam
515 1678 653 1714 autem
694 1687 849 1715 novem
888 1672 1087 1715 dicebant
1123 1685 1220 1714 esse
1257 1677 1400 1727 partes
1432 1671 1657 1725 orationis,
1700 1671 2026 1729 appellationem

60 1738 268 1782 addentes
300 1746 538 1795 separata-m
571 1755 597 1782 a
617 1739 877 1794 nominibus,
911 1739 983 1782 alii
1016 1739 1161 1782 decem
1192 1738 1331 1791 etiam,
1364 1737 1531 1781 infinita
1560 1740 1690 1781 verba
1712 1754 1903 1782 seorsum
1934 1756 2030 1797 par-

57 1813 144 1850 tem
176 1813 397 1864 ponentes,
430 1806 502 1849 alii
535 1808 744 1861 undecim,
777 1809 878 1866 quia
906 1806 1172 1864 pronomina,
1206 1820 1315 1861 quae
1345 1821 1429 1847 non
1462 1812 1645 1862 possunt
1671 1806 1847 1863 adiungi
1879 1808 2031 1850 articu-

59 1874 133 1927 lis,
174 1890 250 1931 per
280 1889 327 1918 se
357 1874 647 1918 numerabant.
706 1875 792 1918 His
832 1875 905 1918 alii
945 1874 1159 1917 addebant
1193 1873 1447 1916 vocabulum
1479 1880 1522 1916 et
1549 1874 1888 1918 interiectionem
1918 1876 2028 1931 apud

60 1941 291 1995 Graecos,⁸
326 1957 454 1997 quam
484 1956 564 1984 nos
596 1942 735 1985 adhuc
765 1957 998 1985 servamus.
1058 1941 1188 1997 Apud
1209 1941 1388 1984 Latinos
1422 1956 1520 1984 vero
1549 1941 1773 1983 articulum
1803 1942 2029 1996 addebant,

62 2026 187 2066 quem
220 2025 371 2067 purum
405 2024 478 2065 per
510 2024 556 2051 se
589 2010 701 2065 apud
733 2025 807 2053 eos
837 2025 920 2052 non
953 2009 1135 2051 inveniri
1167 2023 1298 2064 supra
1329 2008 1565 2051 docuimus.
1625 2009 1763 2065 Igitur
1793 2025 1879 2053 non
1909 2010 2031 2053 aliter

58 2079 261 2134 possunt⁷
297 2092 323 2120 a
353 2091 399 2119 se
430 2076 640 2118 discerni8
674 2083 819 2133 partes
850 2076 1067 2128 orationis,
1096 2074 1180 2117 nisi
1212 2075 1548 2132 uniuscuiusque
1578 2079 1861 2133 proprietates
1894 2078 2028 2134 signi-

61 2145 307 2188 ficationum
339 2145 644 2188 attendamus.⁹

173 2211 421 2268 Proprium¹
440 2216 456 2240 ⁰
494 2219 560 2256 est
580 2211 801 2264 nominis,¹
817 2216 828 2238 ¹
871 2211 1152 2254 substantiam
1175 2217 1218 2252 et
1238 2211 1485 2267 qualitatem
1508 2210 1771 2267 significare3
1802 2210 1884 2254 hoc
1905 2211 2033 2255 habet

62 2279 207 2323 etiam¹
226 2281 238 2301 ⁴³
292 2279 523 2336 appellatio
562 2288 604 2322 et
644 2279 908 2322 vocabulum.
975 2277 1092 2334 Ergo
1131 2277 1239 2320 haec
1273 2278 1356 2320 tria
1393 2292 1478 2319 una
1515 2293 1614 2334 pars
1653 2285 1720 2321 est
1756 2279 2027 2324 orationis-1³

61 2346 336 2404 Proprium¹⁴
375 2354 440 2389 est
462 2347 594 2400 verbi,
627 2347 835 2390 actionem
867 2346 960 2389 sive
980 2345 1229 2402 passionem
1250 2345 1342 2388 sive
1363 2351 1584 2401 utramque
1606 2359 1700 2388 cum
1720 2346 1859 2389 modis
1883 2351 1925 2388 et
1942 2346 2023 2390 for—

64 2413 144 2456 mis
177 2419 220 2456 et
248 2414 511 2471 temporibus
542 2415 636 2457 sine
659 2429 762 2457 casu
784 2414 1041 2471 significare.
1100 2412 1250 2456 Hoo¹⁵
1285 2412 1444 2455 habent
1476 2413 1602 2455 etiam
1632 2413 1864 2466 infinita,¹⁶
1902 2428 2031 2469 quare

60 2496 147 2524 non
170 2486 269 2524 sunt
289 2482 547 2539 separanda¹
564 2483 579 2509 ⁷
606 2497 633 2524 a
652 2483 819 2524 verb0.¹
835 2485 851 2508 ⁸
891 2480 1168 2537 Participium
1190 2486 1330 2522 autem
1351 2477 1442 2520 iure
1465 2488 1686 2536 separatur
1706 2496 1732 2524 a
1752 2480 1893 2532 verbo,
1918 2480 2030 2535 quod

63 2556 106 2592 et
136 2563 263 2592 casus
295 2547 437 2603 habet,
472 2549 627 2606 quibus
660 2557 775 2592 caret
795 2550 983 2602 verbum,
1016 2555 1057 2591 et
1077 2562 1234 2604 genera
1265 2547 1317 2588 ad
1339 2546 1660 2590 similitudinem
1690 2547 1919 2600 nominum,
1951 2562 2031 2590 nec

64 2616 213 2659 modos
244 2616 386 2671 habet,
419 2632 526 2674 quos
559 2617 750 2660 continet
779 2618 968 2659 verbum.
1029 2616 1254 2671 Proprium
1285 2620 1351 2656 est
1370 2615 1634 2670 pronominis
1665 2630 1742 2671 pro
1764 2615 1905 2671 aliquo
1935 2629 2032 2670 pro-

157 2778 197 2808 12
226 2774 260 2809 .i.
286 2774 368 2808 inm
384 2774 508 2819 srecra
561 2777 600 2807 13
620 2773 653 2809 si.
669 2772 743 2818 se'le

160 2823 201 2853 14
228 2820 262 2855 .i.
286 2818 464 2854 nintdnaic
490 2817 702 2854 aca'raehfftar

153 2867 241 2907 (26⁶)
295 2870 305 2899 l
339 2866 373 2900 vt'.
399 2868 472 2900 osni
522 2869 542 2899 2
569 2865 595 2899 ,ι’
628 2875 774 2910 compos.
799 2869 836 2897 ut
859 2875 906 2909 ap
941 2874 1085 2909 yraecos
1111 2864 1131 2896 l.
1158 2862 1265 2896 linare
1288 2861 1548 2896 ndndumanaic
1575 2861 1790 2896 coarat-Mar
1808 2861 2038 2898 ciaridberam

61 2909 166 2946 acdill
189 2921 332 2964 apruno.
383 2913 403 2946 3
429 2910 563 2955 issollus
588 2910 678 2945 nach
701 2914 775 2944 νηόν
800 2909 876 2955 briy
899 2909 1000 2943 artic.
1028 2909 1115 2943 linui

153 2961 170 2990 4
200 2969 234 2992 .ι.
260 2955 457 2990 ardointam
505 2959 525 2992 5
552 2956 585 2991 ,ιζ
613 2955 715 3001 insero·
741 2956 831 2990 ainm
857 2955 901 2989 do
926 2955 1044 2989 (lenem
1069 2954 1109 2988 cle

153 3006 174 3036 6
201 3002 233 3037 A.
265 3001 503 3036 {redimerieclee
535 3001 606 3035 nael
633 3012 723 3034 rann
754 3001 845 3035 fasce
877 3001 914 3034 la
934 3010 1038 3046 yreea
1063 3010 1089 3035 ε.
1115 3011 1160 3045 ap
1199 2999 1394 3034 aduerbimn
1420 3004 1597 3033 numerant
1625 2998 1784 3032 atarivnet
1809 2998 2037 3033 comroirm'ch

64 3048 145 3081 iuna
166 3059 246 3092 yrec
272 3048 423 3082 Iar-anna
446 3047 538 3081 insce
561 3047 691 3081 elswida
714 3057 846 3081 asrann
869 3046 962 3080 msc-e
986 3045 1098 3080 lalac't.

155 3096 173 3127 7
201 3094 234 3129 ,ιζ
268 3092 362 3127 dedli
383 3093 441 3127 ath
471 3098 528 3127 tra
563 3092 920 3127 innam'ltoiomldemin
944 3091 1147 3135 zlscleqaibtln·
1170 3092 1213 3136 zy.
1238 3091 1341 3136 quasi
1365 3090 1513 3124 (lavisset.
1540 3090 1575 3124 m'
1591 3090 1668 3133 sail
1691 3089 1726 3122 m'
1750 3088 1823 3123 na'd
1845 3088 1926 3123 ta'im
1951 3088 2036 3122 adli-

62 3138 180 3183 9etlaesa
194 3139 276 3183 sair
300 3139 314 3172 i
361 3138 463 3184 equid
486 3150 531 3172 na
557 3138 807 3173 coiri-roireneclt
865 3142 882 3172 8
912 3137 944 3171 ρι’.
971 3137 1121 3182 censeam
1147 3136 1320 3171 andeclmr
1380 3140 1398 3169 ss
1424 3136 1518 3169 ‘inani
1541 3134 1705 3170 decamar
1727 3134 1906 3179 sainsolad
1929 3133 2038 3168 cacha

62 3195 183 3218 ramme

162 3234 200 3263 10
235 3229 268 3265 ,ιζ
294 3229 469 3264 maim-ecla
530 3233 565 3264 11
599 3229 631 3264 A.
659 3228 820 3263 indame
847 3228 928 3262 «litas
993 3232 1030 3261 12
1060 3228 1092 3261 j.
1119 3228 1302 3273 proprium
1330 3227 1355 3261 ,i
1389 3227 1518 3260 torand
1532 3226 1653 3271 solaid
1676 3230 1694 3259 7
1719 3226 1795 3260 inne
1819 3236 1874 3259 am
1912 3224 2037 3259 ›idonci-

56 3275 177 3320 soirde
200 3276 291 3309 aima
318 3275 422 3309 adilae
474 3278 514 3310 13
540 3276 565 3310 ,ι’
600 3276 682 3309 inna
707 3274 792 3309 teoir
818 3284 974 3308 rannasa
997 3274 1086 3308 isdin
1111 3284 1203 3307 rann
1218 3272 1426 3317 sardiityrac

157 3325 198 3356 14
235 3321 257 3354 4ι’.
284 3321 457 3355 asainretle
515 3323 556 3355 15
585 3322 615 3355 .ι”.
642 3321 771 3355 torand
790 3320 905 3366 ynima
933 3320 954 3354 l.
981 3318 1075 3354 ee'sta
1136 3322 1175 3354 16
1216 3319 1236 3352 i.
1262 3318 1368 3352 uerba
1428 3322 1465 3352 17
1494 3318 1527 3353 .i.
1553 3317 1659 3351 linare
1684 3316 1875 3362 closoirz'aclee
1895 3315 1984 3361 quim
2011 3319 2041 3350 et

59 3366 256 3411 passionem
309 3370 347 3401 18
376 3366 407 3402 ,αἱ
432 3366 568 3401 ialabre.
594 3366 743 3400 ‹zna'ram
