2336 3736
431 229 467 272 I.
498 231 536 272 2.
581 240 818 272 consomn
847 239 1132 271 mcHoAN'rns
1162 238 1410 276 EARUMQUE
1439 238 1664 270 mrncrm.
1711 229 1904 269 (192193)
1952 228 2027 269 177

81 351 418 407 Vercingetorix,
449 351 762 395 Vernemetum.
822 350 908 394 Sed
938 366 1031 392 cum
1062 356 1103 393 et
1131 350 1346 393 rarissime
1376 356 1610 407 appareant
1638 351 1795 392 formae
1828 349 2034 392 eiusmodi

84 419 408 471 vetustissimae,
441 419 486 460 in
514 420 665 475 quibus
697 434 827 461 causa
855 423 972 474 patet
1001 417 1126 459 huius
1158 417 1228 459 vel
1256 417 1370 458 illius
1399 416 1640 459 infectionis
1671 417 1807 459 factae
1845 423 1916 458 aut
1947 432 2035 459 ser-

82 486 167 528 vati
199 492 334 528 status
366 485 595 541 originarii,
627 492 668 527 et
697 492 872 541 utraque
902 485 1048 539 lingua
1076 484 1286 526 interdum
1306 483 1536 525 anomalias
1569 491 1610 525 et
1629 484 1908 540 proprietates
1938 500 2035 539 pro-

82 553 255 595 duxisse
285 552 488 605 videatur,
522 567 700 596 necesse
730 558 796 594 est
824 558 1052 608 praecepta
1082 552 1133 593 de
1155 551 1356 593 consonis
1387 549 1684 593 inchoantibus
1720 566 1842 593 voces
1877 567 2035 593 earum-

86 634 168 675 que
199 619 426 661 infectione
457 620 686 675 separatim
717 620 883 676 exponi.

195 686 394 742 Tangunt
414 692 552 728 autem
581 686 686 729 haec
706 691 934 743 praecepta
963 700 1174 728 consonas
1196 684 1455 741 principales
1477 698 1629 726 voc-um
1652 699 1803 737 earum,
1839 692 1909 726 aut
1930 700 2035 740 quac

83 754 215 796 art-ius
246 753 414 796 iunctae
445 760 545 796 sunt
577 769 672 796 cum
702 753 1049 795 antecedentibus
1082 753 1407 804 constructione,
1440 758 1485 792 ut
1516 751 1827 793 substantivum
1858 767 1951 793 cum
1972 768 2036 793 ar-

87 821 230 874 ticulo,
261 821 513 878 pronomine
542 822 802 878 possessivo,
834 819 1161 877 praepositione,
1196 820 1299 861 item
1328 819 1636 861 substantivum
1666 818 1709 859 in
1741 819 1935 873 genetivo
1971 819 2036 861 vel

86 888 329 930 accusativo
370 894 468 944 post
500 890 807 931 substantivum
846 887 914 930 vel
943 888 1135 940 verbum,
1175 886 1429 929 adiectivum
1467 900 1564 945 post
1595 885 1906 929 substantivum
1945 892 2035 939 etc„

85 962 158 997 aut
200 970 307 1011 quae
339 956 588 998 coniunctae
628 964 725 999 sunt
755 955 1017 999 antecedenti
1059 970 1134 1010 per
1176 954 1537 1010 compositionem.
1605 951 1727 1005 Quae
1763 968 1892 995 voces
1925 960 2040 995 extra

83 1022 291 1064 eiusmodi
328 1023 565 1065 iunctiones
612 1023 700 1065 sive
730 1024 840 1065 intra
877 1022 1130 1064 sententiam
1166 1022 1256 1063 sive
1292 1021 1335 1063 in
1363 1022 1569 1078 principio
1604 1022 1693 1063 eius
1721 1020 1887 1077 positae
1925 1027 2034 1073 sunt,

82 1090 218 1132 isdem
235 1089 400 1144 legibus
423 1091 586 1132 solutae
609 1097 779 1132 servant
802 1097 953 1132 statum
976 1088 1245 1144 originarium
1266 1103 1560 1131 consonarum.
1596 1088 1795 1130 Ceterum
1815 1103 1890 1144 per
1908 1087 2039 1144 scrip-

85 1157 243 1198 tionem
279 1157 591 1213 coniunguntur
628 1159 671 1198 in
710 1157 887 1199 vetustis
927 1157 1165 1208 codicibus,
1205 1157 1453 1213 praesertim
1491 1155 1740 1208 hibernicis,
1782 1170 1866 1197 non
1905 1155 2039 1213 solum

89 1239 216 1266 voces
247 1239 344 1265 vere
376 1226 657 1280 compositae,
699 1224 765 1266 vel
796 1224 1088 1280 pronominum
1117 1223 1427 1279 infigendorum
1456 1223 1618 1265 litterae
1659 1223 1896 1278 singulares
1935 1222 2039 1264 resi-

87 1292 192 1332 duae
225 1306 316 1332 cum
350 1292 567 1348 particulis
600 1299 642 1334 et
660 1292 851 1344 vocibus,
882 1292 992 1333 inter
1023 1306 1128 1347 quas
1161 1297 1258 1332 sunt
1287 1291 1512 1347 infigenda,
1546 1291 1619 1332 sed
1646 1291 1770 1332 etiam
1802 1305 1874 1331 eae
1897 1304 2038 1341 voces,

89 1373 199 1415 quae
230 1359 309 1401 etsi
340 1359 521 1414 quodam
551 1359 720 1401 vinculo
753 1359 996 1412 iunctionis,
1030 1364 1214 1401 attamen
1243 1374 1330 1401 non
1358 1366 1445 1400 tam
1474 1364 1563 1400 arto
1595 1358 1880 1407 continentur,
1920 1371 2040 1413 prae-

86 1427 232 1469 sertim
253 1425 433 1479 articuli,
465 1427 762 1483 pronominum
783 1425 1127 1483 possessivorum
1156 1426 1313 1468 formae
1335 1425 1668 1482 monosyllabae,
1700 1424 2038 1480 praepositiones

82 1493 403 1550 monosyllabae
424 1509 519 1536 cum
542 1494 834 1547 substantivis,
856 1493 1090 1549 particulae
1119 1494 1311 1536 verbales
1343 1509 1436 1535 cum
1458 1492 1599 1534 verbis
1628 1498 1707 1534 etc.
1749 1491 1869 1545 Quae
1891 1507 2038 1534 vocum

83 1561 246 1604 iunctio
280 1562 513 1603 secundum
543 1561 892 1603 consuetudinem
914 1562 1108 1604 codicum
1130 1561 1259 1603 etiam
1287 1561 1331 1603 in
1352 1560 1433 1603 hoc
1454 1575 1581 1616 opere
1610 1559 1698 1602 fere
1729 1575 1933 1616 expressa
1964 1567 2040 1602 est.

198 1628 413 1682 Quoniam
441 1629 487 1671 in
506 1629 687 1672 vetustis
709 1629 929 1672 codicibus
959 1629 1189 1671 hibernicis
1222 1629 1393 1671 infectio
1423 1627 1469 1668 in
1500 1626 1601 1669 solis
1632 1627 1718 1669 sere
1749 1627 1947 1669 tenuibus
1979 1628 2041 1668 111-

85 1697 347 1750 choantibus,
381 1704 421 1739 et
452 1698 495 1738 in
515 1713 544 1750 s,
569 1697 606 1751 j}
639 1712 693 1738 ne
723 1697 768 1738 in
791 1696 859 1738 his
890 1697 1058 1753 quidem
1077 1712 1254 1753 semper,
1286 1702 1432 1738 notata
1460 1695 1684 1747 invenitur,
1718 1695 1847 1736 oritur
1867 1695 2043 1750 penuria

89 1765 388 1821 exemplorum,
421 1780 530 1820 quae
561 1779 715 1820 genere
737 1764 928 1806 tenuium
960 1765 1210 1821 plerumque
1241 1763 1520 1806 continentur.
1580 1762 1632 1804 In
1657 1768 1775 1818 parte
1807 1761 2043 1804 britannica

88 1846 343 1888 quamquam
364 1831 690 1874 aremoricorum
710 1837 806 1873 ante
824 1831 1072 1875 hodiernam
1089 1833 1279 1888 linguam
1296 1830 1583 1887 exemplorum
1605 1830 1753 1871 eadem
1776 1836 1839 1871 est
1855 1831 2041 1886 penuria,

95 1899 232 1941 codex
262 1908 403 1942 tamen
431 1900 558 1942 ruber
577 1901 805 1956 perfectam
832 1899 920 1941 fere
942 1901 1199 1943 notationem
1230 1898 1485 1942 cambricam
1515 1898 1718 1940 exhibens
1750 1899 1861 1939 omni
1893 1913 2045 1952 genere

90 1967 380 2023 exemplorum
412 1967 611 2019 abundat,
642 1983 722 2010 nec
755 1967 898 2010 deficit
927 1967 1193 2011 comicorum
1222 1968 1375 2010 idonea
1406 1967 1540 2023 copia.

476 2249 512 2298 Ι.
563 2249 882 2298 Consonae
914 2250 1265 2299 hibernicae
1301 2248 1664 2296 inchoantes.

206 2375 258 2415 A.
290 2372 476 2416 Status
508 2372 836 2428 originarius
869 2386 1149 2415 consonarum
1178 2369 1467 2413 inchoantium
1486 2384 1616 2411 voces
1645 2368 1715 2410 vel
1735 2369 2047 2410 constructione

92 2441 162 2484 vel
194 2439 504 2497 compositione
537 2439 784 2481 subiunctas
815 2439 1164 2483 antecedentibus
1195 2445 1387 2481 servatur
1416 2453 1437 2479 e
1468 2436 1615 2492 regula
1641 2435 1839 2492 generali,
1873 2434 1908 2475 si
1927 2433 2047 2476 vocis

90 2507 386 2566 praecedentis
409 2507 542 2554 forma
561 2507 768 2549 vetustior
797 2507 1101 2551 terminabatur
1120 2521 1320 2549 consona.
1371 2504 1457 2548 Sed
1479 2518 1571 2546 cum
1593 2503 1825 2545 secundum
1846 2516 1907 2554 ea,
1941 2516 2047 2556 quae

91 2590 219 2632 supra
247 2590 288 2631 p.
313 2575 392 2616 173
424 2574 639 2631 disputata
659 2582 768 2627 sunt,
799 2589 821 2616 e
841 2574 976 2617 tribus
1005 2575 1091 2616 illis
1122 2573 1335 2625 consonis,
1368 2587 1472 2628 quas
1501 2571 1647 2626 lingua
1665 2569 1954 2612 vetustissima
1975 2567 2048 2608 ad·

90 2642 205 2685 misit
223 2642 268 2684 in
289 2642 553 2684 extremitate
575 2643 811 2692 verborum,
844 2656 1011 2698 semper
1032 2649 1200 2684 servata
1222 2641 1277 2682 sit
1299 2654 1330 2691 r,
1364 2653 1529 2694 semper
1559 2637 1726 2679 abiecta
1745 2652 1775 2689 3,
1807 2653 1835 2677 n
1865 2644 1964 2677 ante
1986 2642 2048 2676 te-

91 2724 198 2752 nues
221 2708 334 2752 solas
358 2715 400 2750 et
421 2708 632 2765 spirantes
653 2717 742 2752 tota
762 2709 946 2766 perierit,
980 2715 1076 2751 ante
1100 2716 1263 2751 ceteras
1285 2713 1425 2749 tamen
1448 2719 1660 2748 consonas
1691 2704 1831 2759 posita
1862 2703 1930 2744 vel
1952 2702 2048 2744 illas

97 2776 179 2819 sibi
200 2776 502 2819 assimilaverit
531 2776 599 2818 vel
622 2792 668 2820 se
689 2777 787 2829 illis,
820 2776 1030 2832 duplicem
1051 2782 1170 2832 patet
1189 2774 1483 2831 principalium
1515 2787 1796 2813 consonarum
1826 2785 1921 2812 csse
1952 2783 2050 2811 con-

99 2842 320 2895 dicionem,
355 2849 425 2884 aut
456 2858 538 2899 qua
558 2843 745 2899 legitime
776 2858 922 2886 omnes
951 2843 1140 2898 integrae
1172 2848 1391 2883 serventur
1423 2839 1541 2896 (post
1561 2856 1582 2879 ¹1·
1612 2838 1780 2881 finalem
1810 2836 1877 2878 vel
1900 2850 2049 2878 excus-

99 2924 187 2951 sam
208 2908 260 2963 8),
292 2917 365 2952 aut
392 2925 475 2965 qua
496 2917 658 2964 tenues,
692 2911 916 2967 spirantes,
949 2909 1134 2966 liquidae
1161 2915 1358 2950 maneant
1388 2908 1570 2949 intactae
1599 2906 1848 2962 regulariter
1879 2903 1996 2960 (post
2026 2919 2052 2943 n

102 2976 247 3018 elisam
269 2978 339 3019 vel
360 2978 668 3032 assimilatam),
700 2979 862 3020 mediae
886 2985 1022 3020 autem
1043 2977 1208 3018 incerta
1226 2975 1390 3017 ratione
1419 2975 1542 3016 modo
1564 2981 1761 3015 maneant
1789 2971 1910 3015 modo
1944 2971 2050 3012 assi-

95 3045 305 3087 milentur.
366 3045 565 3101 Duplicis
596 3045 724 3101 igitur
755 3046 924 3100 generis
957 3050 1054 3087 sunt
1083 3057 1359 3100 quaecunque
1391 3049 1619 3098 praecepta
1651 3041 1729 3083 hoc
1758 3041 1851 3082 loco
1882 3039 2050 3081 traden-

95 3118 173 3165 tur,
207 3119 252 3154 ut
282 3119 354 3154 aut
383 3112 450 3167 (a)
482 3113 536 3154 ad
567 3112 787 3155 universas
820 3126 1030 3154 consonas
1065 3111 1304 3167 pertineant
1333 3116 1404 3150 aut
1425 3109 1489 3163 (b)
1522 3109 1575 3150 ad
1595 3115 1744 3150 tenues
1777 3113 1817 3150 et
1841 3107 2051 3162 spirantes

96 3179 222 3221 solas.
274 3179 383 3223 Sunt
414 3189 551 3221 autem
583 3180 660 3221 hae
691 3180 953 3231 iunctioneS,
996 3179 1041 3219 in
1072 3178 1223 3234 quibus
1254 3184 1471 3234 permanet
1511 3183 1645 3218 status
1675 3175 1914 3231 primitivus
1955 3188 2053 3215 con-

96 3258 294 3289 sonarum
324 3247 621 3299 inchoantium,
655 3254 720 3288 aut
755 3248 939 3287 omnium
972 3254 1042 3288 aut
1072 3252 1239 3302 praeter
1270 3245 1433 3286 medias
1465 3244 1663 3285 omnium.

206 3315 240 3356 Ι.
292 3315 342 3357 In
374 3316 707 3358 constructione:
756 3317 788 3354 1.
832 3315 1014 3355 nominis
1055 3319 1151 3369 post
1182 3312 1402 3354 articulum
1439 3312 1530 3353 sive
1561 3309 1811 3353 substantivi
1854 3308 1946 3350 sive
1982 3308 2052 3348 ad-

97 3380 238 3423 iectivi
263 3382 307 3435 α)
329 3381 372 3424 in
396 3380 622 3437 singularis
645 3382 801 3422 numeri
830 3382 1000 3422 casibus
1023 3378 1280 3421 nominativo
1304 3380 1471 3434 generis
1494 3375 1726 3427 masculini,
1761 3375 1957 3431 genetivo
1982 3387 2052 3428 ge-

188 3460 310 3497 chsa.
337 3470 471 3493 ommi.
503 3468 604 3493 cmxc,
657 3461 721 3491 Eo.
747 3458 787 3491 ΙΙ,
1814 3455 1853 3486 12
