2336 3736
200 259 278 301 188
324 261 510 299 1204.205)
551 258 584 299 Ι.
617 258 655 298 2.
703 268 938 299 consomn
970 270 1276 300 BRITANNICAE
1305 271 1594 301 monoANTns
1626 271 1902 300 Pli‘rrVAE.

196 381 376 423 vidisset
395 397 508 434 eum3
541 397 678 430 oza—ns,
703 390 767 422 -m
784 382 945 437 φυσῶν)
968 382 1017 423 Ρ.
1040 384 1105 434 85,
1128 384 1174 434 43
1206 384 1254 438 d)
1286 389 1384 438 post
1413 383 1663 439 possessiva
1690 382 1822 424 infixa
1853 383 1889 422 1.
1911 397 2022 438 pers.
2045 382 2152 437 sing.

196 448 243 490 M
272 448 402 503 (am),
443 450 548 506 plur.
584 449 641 500 N3
683 449 722 502 e)
754 455 852 504 post
883 449 1094 491 adiectiva
1123 450 1430 505 pronominalia
1457 450 1540 501 ken,
1582 449 1745 492 etiamsi
1778 449 1967 505 sequitur
2000 463 2155 490 nomen

197 515 442 558 femininum
473 523 519 558 ut
538 517 610 557 ken,
635 532 741 556 mam
764 517 907 570 (aliam
940 517 1136 570 matrem)
1158 516 1204 559 P.
1232 518 1322 562 198,
1345 519 1391 568 45,
1424 517 1514 557 neh:
1549 516 1690 558 nemra
1713 516 1913 572 (aliquid)
1946 515 2049 557 Voo.
2076 518 2153 558 10².

197 597 272 637 nel.»
296 585 420 638 peyth„
452 584 550 639 (id.)
584 584 634 626 O.
659 585 760 635 3273
804 583 904 638 ymb.
947 591 1044 640 post
1083 585 1194 639 quod
1235 585 1363 626 etiam
1400 590 1602 640 provecta
1630 583 1770 625 media
1807 583 2035 625 invenitur:
2074 583 2157 638 ymb

198 649 314 703 {330ll
351 649 624 707 (unoquoque
656 651 742 705 die)
774 650 822 692 P.
852 652 944 703 228,
981 654 1014 692 1.
1085 651 1314 706 [Addenda
1345 658 1443 692 sunt
1462 652 1712 707 pronomina
1740 666 1857 706 poss.
1888 651 2082 693 absoluta
2121 653 2156 695 1.

196 733 308 774 pers.
348 733 425 770 ow,
467 720 503 759 3.
535 733 646 774 pers.
681 719 786 773 sing.
820 719 913 760 forn.
942 734 970 772 gs
1001 726 1042 760 et
1070 720 1177 775 plur.
1211 735 1309 774 agla,
1353 718 1390 760 si
1429 734 1511 759 non
1554 726 1752 761 secuntur
1791 722 1960 770 tenues,
2000 719 2157 776 quippe

198 801 306 843 quae
337 787 453 828 solae
484 787 722 841 aspiremus
753 793 852 842 post
882 785 1061 840 eadem]
1125 786 1333 842 Exempla
1364 786 1511 828 videas
1542 785 1661 828 infra.
2126 838 2132 843 .

309 855 616 896 Aremorice
654 853 698 895 in
729 854 828 896 Vita
860 854 901 896 S.
934 854 1112 896 Nonnae
1144 861 1240 910 post
1271 854 1521 910 pronomina
1560 854 1730 895 infectio
1762 854 1932 895 omnino
1971 869 2056 895 non
2094 854 2158 895 in-

197 922 363 963 venitur
391 927 547 962 notata.
597 921 818 964 Hodierna
846 921 992 977 lingua
1024 923 1254 964 aremorica
1285 923 1518 977 generatim
1551 921 1782 963 coneordat
1812 935 1904 962 cum
1935 921 2157 974 cambrica,

200 990 275 1032 sed
296 989 365 1031 hic
388 1004 568 1044 quoque,
591 995 636 1030 ut
656 989 773 1041 alias,
797 991 970 1046 propria
991 997 1033 1031 et
1054 990 1244 1032 anomala
1267 989 1475 1044 qmedzun
1498 988 1706 1046 produxit.
1754 988 1902 1030 Manet
1924 994 2057 1031 status
2079 989 2160 1030 ori-

200 1057 388 1111 ginarius
411 1072 693 1099 consonarum
723 1067 821 1113 post
840 1059 1092 1113 possessiva
1122 1058 1200 1098 Iron
1221 1058 1423 1112 (noster),
1457 1057 1507 1096 1ιό
1529 1057 1709 1112 (vester)
1734 1063 1775 1098 et
1803 1062 1901 1112 post
1919 1056 2162 1112 personalia

198 1125 330 1166 infixa
366 1140 386 1165 z
420 1124 522 1178 (te),
562 1125 614 1164 lm*
644 1124 781 1178 (vos),
824 1126 1014 1180 exeeptis
1054 1132 1195 1166 tamen
1226 1124 1375 1166 mediis
1408 1125 1451 1176 ὸ,
1485 1125 1528 1174 (ἶ,
1558 1140 1606 1179 9,
1642 1139 1749 1179 quae
1779 1130 1877 1180 post
1906 1126 1957 1165 lusi
1987 1126 2160 1180 (vester,

201 1192 301 1245 vos)
336 1198 377 1233 et
407 1207 439 1244 ε,
473 1208 520 1232 a:
552 1194 631 1246 (te)
663 1193 952 1249 provehuntur
982 1193 1025 1233 in
1054 1198 1205 1234 tenues
1231 1208 1283 1247 p,
1316 1200 1342 1244 t,
1374 1192 1417 1245 lc,
1458 1199 1499 1234 et
1529 1197 1709 1247 excepta
1736 1192 1872 1234 forma
1899 1207 2089 1248 possess.
2121 1198 2163 1234 et

202 1273 314 1314 pers.
346 1260 420 1299 lmr
450 1259 625 1314 (noster,
657 1259 771 1315 nos),
803 1273 911 1314 quae
942 1266 1187 1316 sequentem
1217 1260 1241 1301 lc
1270 1260 1442 1316 aspirat.
1496 1259 1692 1315 [Manent
1711 1267 1930 1316 praeterea
1950 1273 2162 1302 consonae

198 1326 382 1368 intactae
426 1334 525 1382 post
568 1327 817 1382 possessiva
867 1329 901 1368 1.
944 1343 1053 1383 pers.
1097 1328 1203 1383 sing.
1255 1344 1302 1368 va
1343 1327 1533 1382 (meus),
1584 1328 1621 1369 3.
1663 1343 1775 1384 pers.
1823 1328 1931 1383 sing.
1971 1328 2064 1368 fem.
2115 1326 2166 1366 ἦέ

200 1395 374 1448 (cambr.
402 1410 441 1450 y,
472 1394 603 1450 fem),
637 1397 675 1436 3.
697 1410 808 1450 pers.
829 1396 937 1452 plur.
960 1397 1010 1437 hs}
1041 1396 1223 1449 (eorum3
1257 1397 1409 1438 cambr.
1433 1395 1524 1450 aa),
1557 1403 1654 1452 post
1682 1411 1801 1452 pron.
1831 1410 1943 1453 pers.
1976 1395 2014 1438 3.
2046 1408 2159 1450 pers.

200 1463 308 1518 sing.
338 1461 435 1504 fem.
466 1463 518 1503 ἠέ
545 1461 691 1517 (eam),
723 1464 761 1504 2.
793 1469 834 1503 et
861 1465 898 1505 3.
924 1479 1034 1519 pers.
1067 1464 1172 1519 plur.
1196 1464 1246 1503 Ιιό
1278 1464 1387 1518 (vos.
1421 1463 1516 1518 eos)
1549 1470 1645 1506 ante
1675 1464 1805 1506 verba
1834 1463 1962 1518 (alias
1992 1461 2159 1517 infixa),

201 1530 391 1586 exceptis
420 1530 633 1582 tenuibus,
666 1545 773 1586 quae
805 1531 1057 1587 aspirantur.
1118 1530 1200 1572 His
1233 1532 1499 1574 adnumerari
1528 1537 1670 1587 potest
1697 1546 1817 1587 pron.
1846 1546 1958 1587 pers.
1988 1530 2165 1572 infixum

204 1601 238 1640 1.
269 1613 380 1654 pers.
413 1599 519 1654 sing.
553 1614 604 1648 m,
636 1614 702 1638 cemv
734 1598 855 1653 (me),
890 1606 1098 1655 quatenus
1130 1599 1242 1641 solas
1273 1608 1423 1641 tenues
1454 1600 1478 1640 lc
1510 1605 1551 1641 et
1581 1607 1595 1640 t
1624 1597 1816 1656 aspirat]

313 1668 351 1706 5.
395 1665 503 1707 Post
542 1666 660 1708 verbi
700 1666 959 1708 substantivi
996 1666 1176 1708 formas:
1239 1668 1501 1710 cambrice
1538 1674 1637 1723 post
1676 1682 1784 1720 mae,
1823 1667 1897 1708 oed
1933 1672 2030 1709 etc.:
2078 1679 2167 1706 mae

200 1733 386 1788 onzcaykoj'
405 1735 555 1788 φιν-εἰσ
585 1733 673 1787 (est
693 1734 871 1776 maxime
894 1734 1062 1788 mulier)
1083 1734 1198 1776 Mab.
1223 1736 1257 1785 1,
1284 1736 1346 1776 17.
1384 1750 1504 1790 ymae
1535 1735 1718 1790 be1÷ystuil
1748 1735 1835 1790 (est
1857 1733 2016 1788 bestia)
2040 1734 2074 1786 1,
2097 1732 2164 1774 33.

200 1800 334 1855 ycloed
360 1799 458 1840 ,ἶςαεν
497 1800 595 1855 (fuit
625 1802 829 1856 castrum)
866 1804 901 1854 1,
935 1803 973 1844 3.
1022 1810 1094 1856 ⁷³ss
1122 1804 1195 1843 oed
1223 1802 1388 1858 kyuurd
1413 1817 1503 1858 9217·
1532 1818 1582 1843 ae
1611 1803 1658 1856 ef
1682 1802 1788 1856 (non
1818 1802 1898 1844 fuit
1928 1814 2062 1857 aeque
2090 1814 2167 1841 no-

201 1866 300 1909 bilis
322 1867 386 1908 vir
408 1873 533 1923 atque
554 1868 668 1924 ipse)
691 1870 728 1922 2,
752 1870 845 1911 371.
894 1869 1055 1912 Extant
1083 1876 1224 1912 tamen
1258 1870 1449 1926 exempla
1478 1869 1722 1912 infectionis
1745 1864 2027 1921 destituentis,
2059 1881 2168 1923 quae

204 1934 352 1977 videas
383 1935 461 1977 sub
491 1934 542 1979 C.
563 1937 598 1979 Ι.
621 1938 658 1979 6.
1021 1993 1022 1996 ¹

316 2002 449 2045 Vocis
478 2005 611 2047 verba
640 2005 873 2061 sequentis,
907 2006 996 2048 sive
1019 2006 1254 2049 subiectum
1286 2011 1350 2047 est
1380 2005 1471 2048 sive
1493 2006 1718 2059 obiectum,
1750 2019 1940 2048 consona
1960 2002 2167 2045 inchoans

204 2070 304 2112 item
341 2070 584 2127 frequenter
620 2080 763 2115 manet
799 2074 976 2115 intacta:
1019 2082 1154 2128 mynet
1183 2088 1309 2114 aoruc
1338 2073 1403 2114 lcez'
1440 2074 1521 2127 (ire
1552 2073 1693 2130 coepit
1726 2071 1879 2127 Caius)
1917 2070 2033 2114 Mab.
2070 2071 2104 2122 1,
2129 2069 2166 2111 2.

201 2139 429 2194 ymclzoelut
457 2154 584 2181 aoruc
607 2142 788 2195 peredur
828 2141 1068 2194 (invertere
1099 2140 1242 2196 coepit
1270 2139 1348 2195 P.)
1383 2142 1418 2191 1,
1449 2141 1543 2182 237.
1593 2140 1822 2195 ymo-hodae
1845 2153 1957 2195 penn
1983 2152 2011 2193 y
2040 2137 2166 2178 varch

206 2205 436 2259 (invertere
472 2214 600 2263 caput
629 2209 726 2264 equi
749 2209 835 2264 sui)
870 2211 905 2261 1,
932 2211 995 2251 13.
1029 2208 1122 2250 242.
1155 2222 1201 2248 or
1217 2207 1344 2263 921·er
1375 2209 1459 2248 tlws
1491 2215 1548 2248 tec
1578 2207 1636 2262 (si
1658 2207 1825 2249 videbis
1847 2221 2055 2263 gemmam
2074 2204 2168 2261 pul-

208 2274 391 2329 chram),
431 2289 459 2329 y
486 2277 654 2330 ywelwn
684 2277 771 2318 rlws
801 2285 859 2318 tec
896 2276 1112 2331 (viderem
1147 2290 1186 2330 g.
1217 2275 1287 2330 p.)
1330 2277 1365 2327 1,
1395 2275 1489 2317 238.
1513 2275 1607 2316 239.
1657 2275 1865 2330 dz'speilaw
1894 2272 2037 2328 cledyf
2072 2272 2170 2327 (nu-

209 2342 308 2384 dare
340 2343 545 2398 gladium)
581 2345 617 2397 1,
643 2345 708 2384 31.
746 2360 773 2399 3]
794 2345 969 2400 Zelyn-yar
1000 2343 1228 2384 marclzawc
1259 2343 1510 2397 (audiebant
1531 2343 1736 2398 equitem)
1759 2343 1796 2395 2,
1822 2343 1915 2385 386.
1953 2336 2018 2396 sejf
2035 2340 2174 2381 awelez·

205 2425 295 2465 quw·
322 2412 557 2466 pennyryclz
588 2412 720 2467 melyn
761 2411 875 2468 (ipse
904 2411 1078 2453 videbat
1106 2410 1245 2452 virum
1276 2410 1461 2466 crispum
1490 2409 1668 2465 flavum)
1710 2411 1748 2462 2,
1779 2410 1874 2452 374.
1941 2408 2029 2453 Sed
2058 2407 2168 2451 conf.

210 2476 259 2521 C.
289 2477 324 2520 I.
355 2479 394 2519 6.

325 2544 547 2589 Corniee
586 2554 685 2604 post
714 2562 861 2589 omnes
900 2547 987 2588 fere
1024 2546 1144 2588 verbi
1176 2545 1431 2587 substantivi
1461 2545 1639 2588 formas:
1676 2559 1772 2599 yma
1805 2544 1889 2585 ἄρα]
1920 2544 2041 2599 (sunt
2069 2543 2172 2599 duo)

214 2613 260 2655 P.
285 2616 351 2665 51,
377 2615 414 2656 3.
459 2613 537 2669 Ityn
568 2615 802 2670 nayoffden
822 2615 991 2668 skentyll
1021 2613 1122 2669 (etsi
1143 2628 1230 2655 non
1261 2628 1351 2655 sum
1382 2613 1506 2654 homo
1538 2612 1732 2669 sapiens)
1765 2611 1803 2663 8,
1829 2615 1863 2653 1.
1900 2626 1964 2667 wy
1990 2625 2043 2666 μυ
2070 2610 2174 2666 ylan

213 2682 311 2736 (vos
335 2681 437 2723 estis
458 2681 573 2737 puri)
595 2683 662 2733 47,
686 2683 723 2723 2.
762 2696 784 2723 o
805 2682 909 2722 lteris
931 2681 1042 2736 (erat
1062 2681 1247 2736 amatus)
1270 2682 1364 2734 214,
1388 2683 1426 2723 4.
1461 2681 1557 2736 ytho
1583 2680 1738 2736 yylwys
1768 2679 1880 2734 (erat
1909 2676 2174 2732 nominatus)

214 2751 305 2803 124,
335 2754 365 2791 l.
406 2764 501 2803 mags
511 2749 565 2803 fo
581 2765 760 2804 prennys
791 2749 858 2804 (ut
877 2750 1126 2804 redimatur)
1156 2750 1194 2801 9,
1218 2750 1256 2791 2.
1290 2763 1377 2804 pan
1400 2764 1447 2790 rvo
1468 2748 1609 2804 clewgss
1639 2746 1756 2802 (eum
1778 2745 1993 2800 audiatur)
2019 2745 2111 2797 109,
2133 2745 2174 2786 4.

208 2831 310 2870 pren
342 2818 386 2858 be
416 2818 550 2871 teevlys
589 2817 712 2871 (sors
745 2817 855 2860 iacta
886 2816 979 2871 est)
1023 2817 1114 2868 190,
1143 2818 1183 2858 4.
1238 2831 1282 2856 «re
1312 2816 1383 2857 ben
1415 2817 1536 2872 tullys
1575 2815 1748 2870 (sumus
1781 2812 1976 2870 decepti)
2008 2813 2103 2865 246,
2133 2812 2171 2853 2.

213 2899 305 2939 may
326 2885 429 2938 jons
457 2898 584 2939 parys
624 2884 689 2939 (ut
720 2885 805 2926 sint
834 2884 990 2940 parati)
1035 2886 1097 2936 18,
1131 2886 1167 2926 3.
1215 2900 1270 2924 na
1300 2894 1439 2938 υθῖθηδ
1479 2884 1617 2937 clewys
1656 2882 1729 2937 (ne
1762 2880 1974 2934 audiatur)
2016 2879 2104 2931 148,
2137 2879 2176 2921 2.

213 2966 305 3006 may
323 2952 377 3005 fo
408 2952 601 3006 colenwys
631 2952 699 3006 (ut
718 2952 962 3009 impleatur)
986 2953 1051 3004 48,
1076 2953 1113 2993 2.
1173 2950 1399 2995 Contraria
1428 2950 1622 3007 exempla
1651 2949 1856 3005 quaedam
1888 2945 2176 2989 destitutionis

212 3019 320 3060 infra
349 3020 624 3074 proferentur.

328 3087 635 3129 Aremoriee
666 3087 791 3129 hodie
823 3103 1009 3143 quoque:
1046 3104 1092 3129 ra
1128 3088 1248 3128 brem·
1276 3103 1302 3128 α
1331 3088 1378 3127 εὖ
1398 3086 1516 3127 Idam*
1547 3085 1694 3140 (frater
1713 3098 1833 3125 meus
1863 3088 2060 3138 aegrotus
2082 3079 2180 3135 est).

214 3155 289 3194 hen
325 3170 348 3194 α
380 3154 474 3195 ve‘zd
501 3156 688 3208 prm-edile
725 3155 826 3210 (erit
856 3155 1009 3209 dives).
1048 3171 1099 3195 αν
1127 3155 1253 3195 mei-el
1281 3171 1307 3194 α
1339 3154 1381 3193 e'u
1409 3157 1521 3209 ywi'n
1551 3154 1721 3207 (servus
1751 3151 1860 3194 bibit
1886 3148 2064 3204 vinum).

328 3223 365 3262 6.
415 3221 522 3264 Post
552 3223 893 3279 praepositiones
926 3223 1126 3278 quasdam
1161 3222 1404 3264 desinentes
1435 3221 1478 3262 in
1509 3234 1739 3263 consonas:
1791 3217 2048 3260 cambrice
2082 3221 2181 3272 post

216 3305 263 3346 ys
294 3290 471 3345 (infra),
504 3292 578 3331 veh
612 3291 780 3346 supra),
815 3305 885 3331 rac·
917 3290 1081 3345 (prae),
1122 3292 1204 3330 dem
1238 3289 1381 3344 (sub),
1421 3290 1560 3344 syth-ys·
1598 3287 1770 3342 (extra).
1828 3284 2039 3340 Exempla
2074 3281 2183 3324 infra

219 3365 459 3413 sequentur.
525 3358 733 3400 Addenda
777 3363 842 3399 est
868 3359 1011 3413 ἔχη-(τῳ
1049 3356 1189 3413 (post,
1229 3357 1383 3398 cambr.
1424 3362 1506 3396 vet.
1535 3354 1709 3410 921‹⁷tz]q);
1739 3354 1879 3410 ywedy
1908 3366 2037 3392 unm-w
2067 3349 2184 3406 (post

213 3431 405 3478 mortem,
444 3432 670 3481 postquam
701 3430 888 3475 mortuus
921 3423 1005 3478 est)
1036 3422 1151 3466 Mab.
1182 3424 1219 3477 3,
1242 3424 1336 3465 297.
1376 3424 1517 3479 ywedy
1547 3422 1675 3477 elybot
1715 3422 1963 3477 (postquam
1992 3415 2177 3471 audivit)
