2336 3736
564 244 598 286 Ι.
634 247 668 286 1.
716 256 952 286 consonis
983 258 1256 288 insumerem
1289 259 1543 288 spinANTES.
1868 253 1936 291 (58)
1981 253 2034 293 47

79 367 205 411 Caes.
260 367 500 419 Tricasses,
548 366 830 419 Viducasses,
873 368 1157 411 Bodiocasses
1198 371 1373 427 (populi
1410 371 1577 426 gallici)
1614 371 1724 414 Plin.
1780 373 2035 416 Baiocasses

78 434 208 476 Notit.
239 434 430 490 provinc.
461 433 637 476 Galliar.
687 434 944 477 Vindonissa
974 437 1070 477 ltin.
1119 437 1281 479 Salassi
1310 438 1404 479 Liv.
1449 438 1656 481 Revessio
1688 439 1784 481 ltin.

188 501 381 544 Eandem
412 501 643 557 spirantem
675 502 940 544 subiunctam
970 504 1169 558 gutturali
1199 504 1243 545 in
1265 511 1431 546 vetusta
1460 505 1604 561 lingua
1624 506 1779 562 gallica
1808 508 2039 562 significari

79 569 220 611 littera
247 568 293 611 X
322 573 441 624 patet
468 568 581 620 inde,
613 570 726 624 quod
757 570 847 611 eius
876 570 969 612 loco
1000 571 1122 612 modo
1152 586 1172 610 3
1200 572 1322 613 modo
1354 573 1401 613 cle.
1432 573 1521 626 (vel
1550 573 1596 627 Ιι)
1621 562 1833 629 'profertur
1861 582 1946 617 tam
1975 576 2039 618 hi-

78 635 249 678 bernice
288 650 412 691 quam
442 635 691 677 britannice.
752 635 834 679 Cui
874 653 979 679 sono
1019 638 1055 679 si
1092 639 1145 680 ob
1178 639 1450 695 scriptionem
1478 640 1556 683 XS
1592 640 1705 681 haud
1733 641 2039 697 infrequentem

79 703 124 745 in
153 702 502 759 inscriptionibus
534 703 712 744 eandem
741 704 1128 759 pronuntiationem
1157 706 1375 749 vindicare
1405 707 1529 759 velis,
1571 723 1654 763 qua
1682 708 1868 750 indicum
1897 709 1946 750 Ᾰτέ
1980 711 2039 752 ef-

77 771 207 813 fertur
246 776 292 811 ut
326 770 372 811 in
400 769 636 811 notissimis
669 770 852 812 legam-cim
883 772 1164 828 (imperium),
1202 773 1397 827 Man-(jas
1434 774 1594 828 (miles,
1634 775 1858 830 optimas),
1899 778 2040 820 obstat

77 837 150 879 isti
188 837 379 893 opinioni
419 836 551 878 altera
581 837 796 880 scribendi
828 840 1109 891 consuetudo,
1150 855 1232 895 qua
1268 856 1353 881 non
1391 841 1526 883 solum
1564 842 1607 882 in
1644 842 1784 883 media,
1819 858 1925 885 voce
1964 846 2040 886 sed

80 904 205 946 etiam
224 904 269 945 in
290 910 476 947 extrema
490 903 534 945 X
552 909 593 945 et
611 903 640 947 S
662 911 939 947 commutatae
960 906 1244 958 inveniuntur,
1270 913 1316 947 ut
1332 908 1555 959 Atimetum,
1578 908 1751 950 Alauna·
1767 918 1809 951 et
1825 912 2038 963 Atimetus,

80 972 240 1013 Alanus
276 971 426 1026 (Beitr.
462 970 543 1013 III.
575 972 692 1025 211).
760 972 858 1025 Qua
891 974 1122 1029 scriptione
1157 974 1275 1015 illum
1304 975 1447 1030 potius
1479 991 1627 1017 sonum
1659 976 1889 1030 significari
1927 979 2040 1022 haud

79 1039 356 1095 improbabile
386 1038 563 1090 videtur,
597 1053 721 1094 quem
750 1038 952 1082 Germani
985 1041 1225 1083 etiamnunc
1255 1040 1490 1095 scribimus,
1522 1043 1688 1084 tametsi
1717 1056 1803 1085 non
1833 1046 1915 1087 iam
1944 1062 2040 1103 pro—

78 1107 339 1149 nuntiamus:
381 1106 458 1147 chs.
524 1104 736 1162 Exempla
765 1113 950 1149 vetusta:
991 1109 1165 1159 Axona,
1206 1107 1528 1164 Tarimagulus,
1568 1109 1883 1154 Uxellodunum
1915 1112 2039 1157 Caes.

79 1175 293 1216 Amnenna
329 1173 429 1215 ltin.
465 1173 625 1216 Anton.
672 1172 1071 1217 Venaaeomodurum
1102 1175 1242 1230 (Raet.
1276 1176 1441 1232 oppid.)
1478 1177 1609 1217 Notit.
1649 1177 1795 1233 dignit.
1835 1179 2042 1224 Umacona

81 1240 228 1297 (Brit.)
249 1240 348 1284 ltin.
370 1242 529 1284 Anton.
558 1233 791 1293 Οῧξελλον,
830 1236 1030 1291 Οὔξελλα
1051 1242 1232 1299 (oppida
1253 1242 1394 1297 Brit),
1424 1238 1654 1291 Οὗέξαλλα
1676 1245 1876 1298 (aestuar.
1898 1247 2039 1304 Bria),

78 1302 237 1357 Λόξας
270 1307 390 1362 (fluv.
410 1307 541 1362 Brit.)
572 1306 682 1350 Ptol.
722 1307 903 1351 Lexovii
934 1310 1060 1353 Caes.
1098 1310 1294 1352 Lumovio
1325 1309 1458 1357 Inscr.
1491 1308 1621 1352 Orell.
1645 1312 1767 1354 2024.
1803 1313 2043 1359 Luxovium

80 1378 277 1431 (monast.
306 1375 436 1419 medii
465 1375 581 1427 aevi,
612 1374 710 1417 hod.
741 1376 970 1431 Luxeuil).
1017 1377 1249 1420 Pleumooeii
1292 1375 1417 1420 Caes.
1455 1377 1648 1421 Moesius
1678 1379 1876 1437 Inscript.
1910 1382 2041 1438 OrelL

78 1445 175 1486 429.
213 1442 385 1486 Ri-rssius
416 1441 547 1486 Orell.
568 1443 692 1486 4983.
733 1442 934 1498 Dexsiva,
965 1445 1170 1487 Demsivia
1200 1445 1320 1496 (dea3
1353 1444 1553 1497 θέξιμον,
1585 1445 1740 1488 herbae
1769 1463 1921 1491 nomen
1953 1452 2043 1506 gal-

78 1511 207 1554 licum
236 1526 303 1567 ap,
332 1509 529 1552 Dioscor.
561 1509 642 1565 leg.
676 1509 885 1561 ὁὲξιμονΡ
915 1512 966 1555 cf.
990 1527 1150 1555 sanscr.
1173 1512 1359 1562 ᾱάΙεέἰῃα,
1391 1528 1451 1568 gr.
1485 1509 1640 1565 δεξιός,
1672 1513 1741 1555 lat.
1774 1516 1924 1566 (ἰωνίαν,
1957 1517 2041 1560 bib,

78 1585 162 1621 vet.
194 1580 275 1631 des,
307 1578 401 1620 brit.
431 1578 576 1629 deheu)
609 1576 739 1619 Orell.
777 1580 897 1622 1988.
941 1580 1091 1623 Brixia
1120 1578 1481 1633 (Cenomanorum
1511 1582 1654 1635 caput)
1684 1579 1779 1623 Liv.
1809 1582 2044 1627 Brixellum

80 1646 180 1689 Tac.
220 1645 319 1688 Itin.
360 1644 545 1689 Chri-rus
595 1645 828 1699 (Boiorum
856 1648 958 1703 rex)
1000 1647 1076 1691 Sil.
1107 1647 1200 1689 Ital.
1236 1642 1420 1690 ⁴Senicco
1460 1645 1706 1690 Senixsonis
1736 1649 1794 1690 fil.
1841 1649 2041 1709 Inscript.

79 1714 235 1758 Murat.
271 1714 390 1766 1402,
421 1715 460 1755 5.
520 1713 667 1755 Adde:
709 1712 919 1767 Ombeoeo,
949 1715 1187 1768 Bonneaea‘,
1218 1714 1479 1767 Hannaatus,
1518 1714 1728 1757 Berhaais
1760 1722 1801 1758 et
1828 1716 2042 1773 Barbosis,

78 1780 401 1831 Dunnohooesis,
454 1780 684 1822 Ulohoaesis
717 1784 769 1822 'et
806 1778 1037 1835 Ulohomi's,
1082 1782 1281 1825 Bihooesis
1333 1789 1375 1825 et
1417 1782 1686 1824 Bihosoinnis
1739 1782 1787 1837 (P
1818 1785 1854 1826 si
1902 1792 2043 1829 tamen

80 1855 194 1893 recte
223 1848 306 1890 huc
335 1846 600 1902 referuntur)
639 1847 771 1890 Beitr.
792 1849 820 1890 l.
844 1864 878 1891 c.
937 1849 988 1891 In
1020 1850 1286 1906 compositis:
1317 1849 1538 1902 Evobnus,
1569 1849 1791 1892 Ea'omnus
1823 1852 1927 1906 (hib.
1958 1861 2042 1897 vet.

82 1932 255 1969 esomun,
288 1915 442 1958 cambr.
475 1916 629 1971 ehouyn
659 1915 775 1958 Mab.
799 1917 836 1968 2,
860 1917 927 1969 64,
958 1917 1214 1973 intrepidus)
1245 1917 1381 1959 Inscr.
1412 1916 1544 1960 Stein.
1577 1917 1643 1969 68,
1667 1918 1762 1959 401.
1803 1919 2047 1977 Ercingilla

80 1983 235 2026 Murat.
270 1983 390 2025 1621.
432 1981 770 2025 Eoecincomarus
802 1982 924 2026 Grut.
948 1986 1042 2036 911,
1066 1986 1103 2026 2.
1163 1984 1216 2026 In
1235 1985 1470 2041 positione:
1501 1984 1793 2040 Andooeponni
1821 1986 1878 2028 fil.
1910 1988 2045 2032 Inscr.

79 2051 235 2094 Murat.
270 2051 391 2103 1204,
412 2051 452 2092 5.
489 2050 731 2092 Mediviaeta
760 2050 883 2094 Grut.
907 2054 1000 2104 795,
1024 2053 1061 2093 8.
1101 2052 1255 2093 Murat.
1287 2052 1409 2103 2073,
1436 2053 1471 2092 1.
1513 2052 1862 2108 Abreaetubogius
1890 2054 2045 2098 Murat.

82 2120 148 2172 22,
170 2121 209 2161 5.
259 2118 386 2161 Addo
422 2115 689 2170 Ταξγαίτιον
720 2117 861 2172 (Raet.
892 2119 994 2174 loc.)
1025 2118 1148 2171 Ptol,
1179 2119 1384 2161 Bonoarus
1416 2118 1590 2173 (nomen
1609 2119 1749 2174 figuli)
1780 2119 1914 2164 Stein.
1947 2124 2039 2166 cod,

78 2186 270 2242 inscript.
294 2185 465 2228 Danub.
497 2191 540 2226 et
558 2183 698 2226 Rheni
719 2186 812 2239 207,
845 2185 1027 2229 Pia'tilos
1048 2186 1282 2228 Duchalais
1313 2202 1354 2242 p.
1382 2189 1472 2228 171.
1496 2187 1578 2227 460
1600 2201 1705 2242 sqq„
1737 2187 1883 2230 Alioeie
1912 2189 2044 2235 Beck.

81 2254 119 2305 4,
152 2268 260 2309 quae
289 2253 461 2295 nomina
490 2252 591 2294 alibi
631 2253 791 2309 scripta
821 2261 922 2296 sunt
949 2269 1025 2310 per
1055 2255 1189 2296 solam
1217 2270 1251 2295 s:
1285 2253 1505 2309 Tasgetius
1529 2253 1668 2303 Caes„
1700 2254 1893 2298 Bonosus
1915 2252 2048 2312 C‘ori-

81 2320 179 2376 gine
208 2320 453 2372 Britannus,
486 2319 613 2362 Galla
643 2315 822 2376 matre'')
854 2320 1028 2377 Vopisc.
1060 2321 1228 2363 Firmus
1260 2327 1337 2363 ete.
1371 2335 1463 2377 cap.
1490 2323 1551 2369 14.
1582 2320 1773 2363 Pi-stillus
1805 2322 1925 2366 Grut.
1953 2327 2044 2379 130,

82 2388 120 2439 9,
150 2387 305 2430 Alisiia
331 2388 464 2432 Beck.
487 2390 512 2431 3
544 2395 586 2430 et
614 2388 762 2430 Alesia
784 2387 931 2440 Caes.;
965 2389 1147 2444 denique
1167 2390 1361 2431 Andosso
1383 2395 1425 2431 et
1443 2389 1655 2430 Ando-cus
1677 2389 1719 2430 in
1741 2390 1887 2432 eadem
1916 2382 2044 2434 inser.

83 2458 131 2510 (l.
154 2472 189 2500 c.
211 2457 292 2500 ΠΙ.
315 2457 432 2512 211).
492 2455 636 2509 Quare
668 2470 762 2497 cum
794 2455 845 2497 de
875 2456 901 2496 lt
933 2456 1106 2498 radicali
1135 2456 1307 2512 linguae
1337 2455 1516 2512 gallicae
1547 2461 1740 2498 vetustae
1771 2458 2046 2501 dubitandum

83 2526 150 2579 sit,
183 2526 304 2582 quasi
336 2525 418 2568 duo
450 2525 606 2581 gradus
639 2522 884 2578 spirationis
917 2524 960 2565 in
991 2539 1043 2566 ea
1072 2524 1268 2566 videntur
1296 2523 1430 2565 fuisse
1458 2537 1478 2563 3
1507 2530 1549 2564 et
1578 2539 1618 2564 .z’.

191 2593 222 2636 J
253 2599 293 2635 et·
325 2591 363 2635 V
403 2592 449 2634 in
478 2590 720 2634 nominibus
758 2590 924 2645 gallicis
964 2592 1161 2633 vetustis.
1227 2591 1257 2632 J
1291 2591 1337 2632 in
1373 2589 1585 2647 principio
1624 2592 1907 2646 potissimum:
1949 2593 2047 2635 Iura

83 2659 207 2704 Caes.
245 2659 451 2704 Iuvavum
480 2659 578 2701 Itin.
618 2658 816 2713 Inscript.
865 2657 1077 2701 Iovincilli
1107 2658 1167 2700 fil.
1198 2657 1332 2700 Inscr.
1363 2657 1479 2699 Brix.
1511 2655 1664 2698 Murat.
1700 2659 1819 2711 1353,
1853 2662 1889 2700 6.
1931 2659 2045 2703 Ioin-

82 2728 221 2770 cissus
258 2726 440 2770 Steiner.
474 2727 595 2769 1583.
635 2725 753 2778 Iaso,
786 2724 933 2767 Iassus
971 2725 1036 2780 (in
1066 2740 1155 2767 vas.
1187 2723 1341 2780 figlin.)
1373 2723 1504 2766 Orell.
1536 2721 1631 2765 429.
1673 2723 2043 2780 Veressugodumnus

82 2794 217 2838 Inscr.
250 2790 379 2837 Orell.
411 2794 534 2835 2062.
575 2793 735 2835 Iumma
753 2791 921 2834 Exobni
955 2793 1011 2833 fil.
1036 2792 1114 2834 civ.
1147 2791 1453 2834 Mediomatric.
1479 2792 1619 2833 Atuns
1642 2791 1801 2833 Iunnae
1822 2792 1879 2847 fil.
1913 2788 2045 2837 Stein.

82 2863 150 2905 68.
195 2861 459 2905 Iantumarus
497 2861 619 2904 Grut.
661 2861 764 2912 807,
801 2862 838 2901 5.
878 2861 972 2912 880,
1002 2862 1039 2900 4.
1113 2858 1434 2901 Dubitationem
1470 2864 1639 2900 movent
1675 2854 2047 2901 ἷουπικέλλουσον

89 2928 329 2985 (iuniperus
358 2929 540 2984 Gallis),
583 2923 862 2982 ιὀυμβαρὸύμ
904 2927 1142 2982 (veratrum
1180 2925 1345 2981 nigrum
1376 2924 1452 2979 G.)
1490 2925 1684 2967 Dioscor.
1719 2927 1753 2978 1,
1789 2927 1880 2968 103.
1911 2928 1950 2978 4,
1982 2928 2045 2968 16.

82 2995 136 3037 In
167 2996 306 3039 media
334 3011 462 3048 voce:
499 2995 769 3046 Baiocasses,
801 2994 1025 3036 'Baiocassi
1055 2994 1186 3036 Notis.
1216 2993 1406 3048 provinc.
1439 2991 1614 3035 Galliar.
1637 2995 1802 3035 Auson.
1840 2993 2047 3035 Bedaium
2079 3002 2081 3004 ’

81 3062 180 3105 Itin.
217 3063 446 3106 Deiotarus
477 3062 567 3106 Cic.
601 3061 726 3107 Caes.
765 3061 924 3103 Noreia
953 3061 1079 3103 Caes.
1111 3061 1210 3102 ltin.
1261 3059 1429 3109 Celeia,
1471 3060 1654 3102 Matre-ia
1684 3060 1783 3102 Itin.
1825 3060 2046 3103 Sidoniez‘a

82 3129 217 3173 Inscr.
255 3131 379 3173 Grut.
418 3132 511 3183 736,
542 3132 581 3172 2.
628 3129 760 3171 Boius
801 3129 975 3180 (nomen.
1018 3128 1114 3181 viri)
1154 3128 1277 3168 Auct.
1320 3127 1371 3168 ad
1402 3126 1590 3170 Heremi.
1625 3129 1662 3180 4,
1696 3129 1732 3170 3.
1787 3128 2046 3170 Boiodurum

85 3197 213 3250 (nom.
237 3198 400 3255 oppid.)
431 3198 540 3239 Ptol.
564 3197 660 3239 Itin.
698 3196 797 3238 ssoz‘i
827 3195 1001 3249 (nomen
1037 3195 1198 3253 gentis)
1233 3194 1356 3236 Caes.
1390 3194 1488 3235 Tac.
1534 3195 1762 3237 Praeterea
1793 3195 1834 3235 in
1864 3195 2046 3251 inscrip-

82 3266 273 3310 tionibus
301 3281 387 3307 non
421 3266 545 3307 modo
577 3267 647 3315 m'z',
676 3266 733 3305 oiz'
759 3269 929 3320 reperta
950 3275 1059 3313 sunt,
1091 3278 1263 3317 quorum
1287 3263 1481 3317 exempla
1502 3277 1629 3317 supra
1649 3262 1741 3318 (pp.
1765 3263 1830 3303 30.
1855 3261 1927 3315 31)
1949 3277 2046 3316 pro-

83 3334 318 3391 posuimus,
351 3333 427 3375 sed
455 3333 581 3375 etiam
616 3333 651 3373 iz·
678 3332 744 3374 bis
780 3331 825 3372 in
856 3346 940 3372 una
973 3331 1095 3372 inser.
1136 3329 1287 3383 (Beck.
1318 3329 1384 3383 3):
1426 3329 1699 3384 slugz'c'ontiio,
1739 3329 1917 3379 Alisz'essa,
1964 3343 2047 3383 qua

85 3400 314 3454 scriptione
343 3399 376 3453 ij
403 3398 633 3455 significari
663 3413 750 3440 non
781 3403 846 3441 est
876 3397 989 3454 quod
1009 3397 1189 3439 dubites.
1231 3395 1469 3438 Alternatio
1499 3395 1646 3449 intery'
1674 3401 1717 3437 et
1733 3397 1781 3451 [μ’
1799 3394 2046 3450 colligenda
