2336 3736
353 255 404 299 V.
429 256 465 300 1.
511 265 759 297 υΕΒινΑΤιο
789 265 990 297 cAnch
1023 265 1082 295 n'r
1111 264 1357 296 mannulos
1386 264 1688 302 neemanim.
1723 254 1818 296 (735-
1837 256 1917 297 736)
1958 255 2039 297 773

79 378 362 431 Cabillonum,
391 378 629 420 Lemonum
660 377 788 420 Caes.
834 377 991 418 Abona
1020 375 1179 430 Geogr.
1211 375 1318 418 Rav.
1377 376 1447 417 Ex
1475 376 1865 431 inscriptionibusz'
1889 377 2040 421 Sirena

76 445 208 490 Stein.
246 447 340 488 305.
400 446 581 488 Banona
609 444 733 488 Grut.
766 443 862 496 763,
884 444 922 485 6.
955 435 1113 496 87252.
1164 445 1357 501 Alpona,
1398 443 1598 487 Vindona
1635 442 1766 486 Orell.
1799 445 1892 486 321.
1917 447 2038 488 2019.

77 512 318 555 Vindonius
349 511 483 556 Stein.
505 512 601 554 200.
645 510 916 553 Drausonius
945 510 1069 554 Grut.
1099 513 1195 564 919,
1216 512 1255 554 8.
1315 510 1439 554 UN-:
1476 505 1641 549 ’Irm'ma
1679 509 1881 565 (aest-nar.
1912 511 2038 565 Brit.;

74 580 127 622 ef,
148 574 291 627 ’Ίτ-υος
321 580 528 630 ποταμοῦ
557 574 753 631 ἔκβασις,
784 584 827 620 et
854 593 969 621 nom.
1001 578 1083 620 viri
1112 578 1264 632 Itulus,
1294 593 1336 634 p.
1360 577 1464 634 766)
1493 576 1604 620 Ptol.

185 646 336 690 Insero
365 646 436 690 hic
455 645 677 689 formulam
708 645 893 702 duplicis
915 659 1132 689 consonae
1162 644 1396 688 derivantis
1417 643 1560 697 M·N·,
1590 643 1712 687 cuius
1744 648 1938 703 exempla
1967 664 2039 705 ge-

73 729 222 757 nerum
262 721 360 757 sunt
388 714 579 756 duorum.
645 713 698 756 In
732 713 987 769 quibusdam
1024 712 1136 755 enim
1166 711 1329 755 vocalis
1366 711 1579 768 principio
1619 712 1890 757 intercedens
1929 716 2040 759 inter

74 790 294 838 utramque
330 780 533 837 liquidam
565 787 761 836 correpta
792 780 1020 823 statuenda
1047 786 1134 833 est,
1174 779 1282 823 elisa
1309 777 1542 822 accedente
1571 779 1778 823 flexione:
1821 775 2037 832 Ἰσάμιυοιι

71 848 274 904 (Hibern.
306 848 538 905 promunt.)
569 847 678 890 Ptol.
709 846 930 891 Garumna
961 846 1128 900 Caes.,‘
1166 846 1321 902 quibus
1359 844 1538 888 forsitan
1568 846 1759 889 conferre
1797 844 1925 891 liceat
1954 852 2039 894 alia

70 916 276 971 quaedam
308 916 483 959 nomina
513 922 693 967 vetusta,
727 921 772 956 ut
802 913 1060 957 Vertumnus
1091 914 1165 969 (cf.
1195 910 1394 956 Vertisco
1425 909 1551 957 Caes.
1563 913 1616 967 ἲ),
1647 911 1899 959 Tolumnius
1929 917 2035 959 Pro-

70 990 175 1037 pert.
204 985 244 1035 4,
270 985 307 1026 2.
333 985 396 1026 10.
456 983 576 1034 Alia,
619 982 796 1025 eandem
825 982 1020 1024 vocalem
1048 981 1094 1025 in
1122 980 1303 1024 formula
1331 979 1504 1023 -MAN-
1535 985 1779 1023 constanter
1809 986 2037 1039 servantia,

69 1056 248 1105 possunt
279 1051 413 1093 videri
443 1051 586 1106 potius
617 1049 858 1104 composita
886 1063 1012 1105 quam
1040 1062 1143 1091 vere
1173 1048 1388 1100 derivata,
1431 1055 1478 1089 ut
1507 1046 1740 1090 Cenomani
1773 1049 1888 1104 (Ital.
1922 1054 2037 1109 sup.)

66 1116 147 1159 Liv
199 1118 377 1160 Aulerci
415 1117 651 1161 Cenomani
688 1116 824 1172 (Gall.
855 1131 976 1173 pop.;
1026 1115 1168 1159 differt
1203 1115 1456 1171 Cenimagni
1498 1129 1565 1170 ap.
1602 1113 1730 1158 Caes.
1769 1116 1875 1160 Brit.
1915 1121 2036 1177 pop.)

71 1182 198 1227 Caes.
245 1184 502 1228 Viromanus
531 1184 699 1228 Istabili
729 1185 788 1228 fil.
818 1184 954 1227 Inscr.
985 1182 1141 1225 Murat.
1166 1184 1288 1235 1766,
1314 1185 1349 1225 1.
1402 1183 1664 1225 Ariomanus
1694 1182 1808 1225 Iliati
1839 1186 1897 1229 fil.
1931 1187 2037 1241 (Bo-

68 1251 157 1306 ius)
190 1251 311 1295 Grut.
344 1253 438 1306 670,
462 1254 499 1294 3.
551 1251 796 1296 Vetomanis
826 1251 926 1294 Itin.
958 1251 1103 1303 Peut„
1134 1250 1387 1308 praesertim
1416 1264 1511 1292 cum
1542 1251 1769 1293 antecedat
1796 1267 1840 1294 -o
1873 1256 2034 1297 vocalis

67 1318 130 1373 (p.
155 1319 270 1374 763).
337 1319 588 1362 Derivatum
626 1334 727 1362 vero
765 1319 891 1362 nobis
930 1319 1099 1376 quidem
1136 1318 1306 1361 videtur
1333 1332 1487 1360 nomen
1524 1318 1636 1374 apud
1666 1318 1818 1362 Gallos
1857 1321 2033 1376 primum

70 1387 261 1429 auditum
299 1402 350 1429 ac
380 1388 451 1429 vix
491 1403 578 1430 non
608 1394 744 1430 ortum
775 1385 1036 1430 Germani.**
1092 1386 1265 1443 Duplex
1295 1384 1502 1428 derivatio
1538 1384 1685 1429 VAN-
1716 1401 1812 1430 cum
1840 1390 1976 1431 vocali
2010 1407 2036 1432 α

69 1454 349 1509 praecedente
380 1469 548 1510 semper
575 1453 837 1498 contrahitur
865 1453 910 1495 in
931 1469 1050 1508 aum,
1082 1454 1134 1496 de
1164 1469 1249 1510 qua
1277 1453 1363 1496 vid.
1388 1452 1511 1496 infra.

176 1521 217 1575 c)
258 1521 365 1564 Cum
399 1522 620 1565 vocalibus
651 1521 871 1578 productis
901 1521 971 1563 vel
1001 1520 1290 1578 diphthongis.
1351 1510 1456 1563 AN-
1484 1521 1666 1565 fortasse
1695 1523 1739 1564 in
1773 1524 2034 1567 derivatione

66 1589 196 1630 mixta
225 1587 353 1630 IAN-
384 1591 602 1632 nominum
641 1587 847 1632 Ambiani
877 1587 1005 1633 Caes.
1051 1588 1302 1645 Magianus,
1337 1588 1575 1632 Cassianus
1606 1589 1739 1633 Inscr.
1774 1590 1907 1634 Orell.
1935 1594 2031 1635 457.

64 1656 182 1708 1986,
214 1655 387 1721 saepius
408 1664 507 1713 post
528 1658 654 1700 alias:
691 1654 963 1709 Volusianus,
995 1655 1305 1710 Trebellianus,
1336 1656 1639 1699 Matronianus
1670 1673 1737 1715 ap.
1761 1657 1907 1715 script.
1933 1660 2029 1703 hist.

1532 1713 1541 1723 x

64 1729 231 1778 august.
298 1723 421 1768 EN-:
461 1725 618 1768 Ruteni
655 1724 818 1767 Lucan.
851 1723 998 1768 Sidon.
1040 1724 1139 1778 (sed
1177 1724 1229 1766 cf.
1262 1740 1302 1780 p.
1335 1723 1454 1779 772).
1521 1724 1626 1769 IN-:
1672 1724 1849 1769 Ticinus
1891 1726 2032 1782 (fluv.)

60 1789 137 1832 Sil.
168 1789 266 1832 Ital.
299 1790 445 1835 Sidon.
479 1800 520 1836 et
549 1792 700 1835 EIN-:
729 1785 949 1832 Αὖτεινοί
978 1792 1099 1848 (pop.
1122 1791 1325 1846 Hibern.)
1355 1790 1465 1834 Ptol.
1509 1791 1767 1836 Londinium
1799 1794 1869 1848 (cf.
1893 1811 1933 1851 p.
1958 1799 2030 1847 5⁷³9)

57 1856 158 1900 Tac.
227 1850 350 1903 CN·:
400 1859 632 1902 Drahonus
662 1856 806 1915 (fluV.)
844 1861 1010 1902 Auson.
1041 1858 1213 1902 Mosen.
1246 1860 1341 1902 365.
1401 1859 1626 1911 Δαβρώνα
1663 1860 1797 1915 (llum.
1829 1861 2031 1915 Hibern.)

57 1924 168 1967 Ptol.
218 1927 401 1979 Verona,
433 1926 667 1981 Cremona,
698 1925 895 1970 Bononia
928 1927 1042 1982 apud
1072 1932 1222 1982 poetas
1252 1927 1315 1983 (p.
1347 1927 1444 1983 22),
1492 1924 1688 1967 Romula.
1721 1928 1885 1984 (oppid.
1920 1929 2031 1971 Pau-

56 1992 226 2047 noniae‚
259 1994 442 2047 Galliae,
474 1995 618 2038 ltaliae
650 1993 852 2050 gallicae)
882 1993 994 2036 Ptol.
1024 1993 1137 2047 Zos.,
1169 1994 1422 2050 quibuscum
1452 1994 1564 2036 haud
1596 1994 1686 2038 scio
1719 2011 1773 2037 an
1802 1997 2030 2039 concordet

58 2060 255 2101 δουκωνέ
276 2062 467 2116 (ebulum
488 2062 620 2105 herba
641 2060 802 2117 Gallis)
828 2076 896 2117 ap.
917 2060 1116 2104 Dioscor.
1139 2063 1178 2114 4,
1206 2062 1297 2103 172.
1357 2060 1599 2115 Quaeritur,
1632 2078 1686 2104 an
1718 2063 1774 2105 sit
1805 2065 2030 2106 statuenda

57 2128 165 2172 haec
206 2129 352 2172 eadem
389 2129 596 2172 derivatio
627 2129 759 2172 mixta
789 2120 940 2173 ONIA
970 2130 1015 2172 in
1039 2129 1284 2172 nominibus
1306 2144 1602 2186 personarum:
1634 2129 1839 2173 Boionius
1859 2131 2026 2186 (praem.

56 2197 268 2238 Antonini
302 2194 372 2238 Pii
402 2196 746 2251 Nemausensis),
779 2197 963 2240 Boionia
994 2195 1210 2251 (eiusdem
1240 2197 1357 2253 avia)
1389 2197 1618 2255 Capitolin.
1650 2199 1810 2240 Anton.
1842 2198 1890 2240 P.
1924 2213 1960 2240 c.
1989 2203 2023 2240 l.

59 2262 294 2317 Raconius,
322 2263 567 2306 Racconius
596 2263 733 2307 Inscr.
766 2263 838 2307 Or.
871 2264 995 2307 2043.
1027 2263 1150 2309 Grut.
1181 2266 1276 2318 851,
1303 2266 1340 2308 7.
1386 2265 1607 2309 Voconius
1638 2264 1772 2307 Stein.
1796 2266 1891 2309 ⁴248.
1941 2265 2024 2308 Ce-

56 2329 230 2383 sonius,
263 2329 492 2375 Cissonius
524 2331 673 2386 (deus)
705 2330 836 2375 Orell.
873 2332 992 2374 1406.
1026 2333 1148 2376 1979.
1196 2331 1471 2375 Tammonius
1503 2332 1636 2375 Orell.
1659 2334 1782 2376 2013.
1832 2333 2025 2376 Sumelo-

147 2455 162 2472 ‘
196 2453 246 2488 Cf.
279 2451 516 2498 'gromnarum
540 2455 791 2500 opportunitas’
829 2456 910 2490 Vita
934 2456 970 2491 S.
994 2455 1128 2491 Bertini
1159 2456 1238 2490 abb.
1264 2456 1370 2501 belg„
1401 2456 1486 2491 Boll.
1513 2456 1607 2501 Sept.
1633 2460 1664 2498 ⁴2,
1684 2459 1769 2498 602,
1804 2457 1863 2491 ubi
1889 2457 2024 2491 additur

50 2500 154 2532 nota:
192 2497 374 2554 'yrmngme²
396 2510 569 2554 yrpnnae,
600 2501 674 2536 loca
699 2502 866 2547 palustria
891 2503 926 2536 et
950 2499 1115 2537 herbosa'.
1170 2501 1227 2537 An
1250 2512 1329 2537 cum
1353 2502 1412 2537 lat.
1435 2511 1577 2547 yramen
1600 2501 1843 2538 conferendum
1870 2504 1920 2537 vel
1945 2514 2021 2537 cum

49 2545 528 2636 germ;.9aenggegligvgg;l¹ig}{a
552 2591 643 2626 sicut
666 2592 702 2626 in
727 2592 873 2626 vetustis
898 2591 1099 2627 nominibus
1124 2593 1276 2628 virorum
1300 2594 1481 2642 cambi-icis
1506 2604 1541 2627 et
1564 2594 1759 2628 aremoricis
1783 2594 2020 2628 desinentibus

49 2636 86 2669 in
111 2647 191 2669 man
214 2637 295 2671 item
322 2636 491 2682 principio
514 2637 620 2671 fuisse
645 2637 782 2673 videtur
805 2638 843 2672 in
867 2638 1005 2672 nomine
1029 2637 1290 2674 Germanorum.
1331 2639 1442 2674 Euius
1462 2638 1649 2674 novissima
1672 2640 1911 2684 interpretatio
1936 2641 2022 2674 sacta

48 2684 99 2714 est
125 2692 142 2715 e
168 2683 276 2716 subst.
303 2683 381 2716 brit.
404 2693 505 2726 yarm
529 2683 688 2724 (clamor3
713 2684 754 2717 cf.
773 2682 931 2717 Grimmii
955 2683 1049 2718 Hist.
1074 2685 1212 2729 linguae
1236 2695 1340 2730 germ.
1365 2695 1399 2728 p.
1418 2685 1512 2727 787).
1552 2684 1619 2719 Sed
1644 2695 1722 2719 cum
1748 2685 1811 2718 hoc
1836 2685 1928 2719 sicut.
1951 2686 2023 2720 hib.

44 2726 170 2769 φαίνω,
193 2738 270 2771 gen.
293 2738 418 2772 yar-ma
441 2728 574 2770 (clamo.
584 2728 627 2769 is)
652 2728 688 2762 F.
706 2729 739 2763 h.
757 2732 809 2770 16,
837 2729 926 2774 plur.
939 2739 1089 2774 yarman
1113 2731 1278 2772 (nomina)
1302 2729 1413 2765 Corm.
1431 2730 1470 2765 B.
1498 2730 1552 2770 (cf.
1578 2740 1689 2774 comp.
1715 2731 1862 2776 toqaz'rm
1886 2741 1922 2776 p.
1940 2732 2023 2771 ⁶368)

50 2774 273 2817 repetendum
298 2775 345 2808 sit
368 2784 388 2807 a
405 2774 556 2808 themate
572 2784 691 2809 -mann
715 2774 819 2817 (infra
834 2785 867 2819 p.
888 2778 981 2818 776),
1005 2775 1256 2811 indsderivari
1280 2786 1352 2814 non
1366 2778 1503 2820 poterat
1527 2775 1596 2810 nisi
1609 2785 1869 2821 qermannanos.
1911 2776 2021 2818 Quare

48 2818 91 2851 ad
115 2818 266 2853 radicem
299 2822 390 2854 certe
413 2819 651 2854 revertendum
678 2822 752 2854 erat
776 2820 846 2854 hib.
872 2823 939 2857 vet.
961 2830 1031 2866 yar
1055 2822 1105 2863 (in
1129 2820 1321 2867 toqasthid,
1351 2821 1547 2863 vocativus,
1581 2821 1655 2866 Sg.‚
1690 2824 1795 2868 atque
1820 2822 1857 2855 in
1884 2821 2017 2867 doyaae'r.

39 2863 207 2908 fras-qair,
223 2864 382 2909 sor-qast,
399 2864 644 2910 forchonyair,
659 2865 869 2910 Ῑονσοπραν,
896 2877 930 2911 p.
947 2869 1033 2907 4303
1059 2867 1102 2901 cf.
1126 2867 1255 2903 cambr.
1271 2868 1359 2912 year,
1380 2867 1473 2912 9air,
1498 2877 1592 2901 corn.
1606 2876 1679 2912 ραν,
1705 2877 1783 2909 vox,
1808 2867 1959 2909 verbum,
1985 2879 2019 2912 p.

50 2911 103 2942 85.
154 2908 283 2943 Contra
316 2911 347 2945 si
371 2911 652 2955 compositionem
676 2913 828 2952 statuas,
861 2912 1041 2957 quaeritur
1074 2923 1120 2947 an
1143 2912 1335 2957 simplicior
1364 2913 1411 2946 sit
1434 2913 1673 2957 interpretatio
1704 2913 1806 2954 haee,
1839 2924 1908 2958 qua
1933 2914 2019 2947 nihil

46 2952 291 2998 significaverit
316 2967 440 2990 nomen
464 2956 533 2990 nisi
559 2956 743 2992 vicinos.
791 2956 854 2990 Est
879 2958 968 2992 euim
994 2968 1061 2992 non
1088 2959 1198 2992 solum
1225 2957 1353 2993 cambr.
1367 2968 1429 3002 qer
1452 2957 1611 3000 (vicinus,
1636 2969 1692 3003 pp.
1713 2961 1790 2992 691.
1809 2961 1893 2998 6943
1919 2970 1936 2991 e
1963 2969 2020 2992 cer

49 3009 126 3033 cum
155 3010 173 3033 e
198 3011 259 3044 pro
278 3013 311 3045 9,
337 3013 368 3045 p.
396 3003 438 3035 38
450 3003 490 3043 ?).
515 3002 575 3035 sed
595 3002 696 3035 etiam
724 3002 784 3036 hib
814 3005 879 3036 vet.
894 3003 977 3047 yair
1000 3004 1055 3043 (de
1072 3005 1185 3048 spatio
1209 3006 1244 3038 et
1261 3005 1443 3047 tempore):
1469 3002 1527 3037 eid
1550 3002 1630 3037 cz'cm
1647 3003 1705 3037 eid
1716 3004 1799 3048 yair
1814 3004 1872 3048 (gl.
1889 3008 2019 3048 quanto

48 3047 200 3089 tempore
226 3047 321 3088 vivit,
349 3048 464 3086 hom0;
490 3047 510 3081 i.
528 3058 558 3082 e.
582 3048 655 3080 sive
680 3047 817 3092 longum
843 3051 896 3082 est
920 3050 991 3083 sive
1008 3049 1122 3088 breve)
1137 3049 1217 3084 Wb.
1235 3052 1278 3084 3⁰.
1303 3050 1387 3094 guel.
1408 3060 1454 3083 cm
1492 3059 1535 3082 ar
1552 3051 1674 3091 (iuxta,
1698 3051 1831 3094 prope),
1856 3051 1934 3093 qai)-
1956 3051 2017 3092 (vi-

50 3091 165 3131 cinia).
215 3094 329 3136 Atque
354 3093 381 3126 si
407 3103 484 3125 cum
511 3093 575 3126 adi.
595 3092 674 3126 cion
696 3095 871 3136 (remotus,
898 3104 929 3138 p.
953 3098 1006 3134 17)
1032 3095 1119 3128 bene
1136 3095 1285 3140 quadrat
1309 3105 1433 3129 nomen
1479 3096 1637 3129 enomani
1662 3095 1816 3137 (extremi
1844 3087 2016 3129 Gallorum

45 3135 289 3180 cisalpinorum
316 3139 358 3171 ad
382 3139 546 3172 orientem
574 3149 710 3178 versus;
736 3150 754 3171 o
780 3140 830 3173 vel
856 3140 870 3172 i
893 3142 1028 3174 servata
1051 3141 1095 3174 ob
1112 3141 1262 3175 vocalem
1287 3141 1548 3175 antecedentem
1572 3141 1801 3185 productam),
1825 3151 1894 3175 11011
1920 3142 2018 3175 aliter

45 3181 228 3225 quadrabit
252 3193 377 3217 nomen
401 3183 562 3218 Germani
595 3184 709 3225 (modo
734 3194 850 3219 sumas
881 3185 997 3219 elisam
1025 3186 1176 3220 vocalem
1212 3187 1255 3220 oh
1281 3186 1430 3220 vocalem
1457 3188 1647 3230 correptam
1675 3188 1946 3227 antecedentem,
1976 3187 2016 3220 cf.

45 3226 251 3267 Lugdunum
277 3238 339 3272 pro
363 3228 608 3273 Lugodunum)
632 3239 710 3263 cum
733 3240 804 3275 ρον,
826 3231 908 3275 ραίν
931 3232 1123 3266 contrariae
1147 3230 1420 3275 significationis.
1470 3231 1541 3265 Nec
1567 3230 1703 3266 difficile
1729 3232 1793 3266 erit
1819 3231 2015 3277 intellegere

46 3272 109 3305 hoc
136 3272 236 3306 modo
260 3274 335 3307 illos
361 3273 517 3308 Caesaris
543 3275 650 3308 locos:
676 3273 883 3316 Condrusos,
909 3276 1099 3319 Eburones,
1125 3277 1322 3318 Gaeroesos‚
1347 3278 1548 3318 Paemanos,
1574 3278 1634 3323 qui
1658 3287 1727 3312 uno
1750 3278 1890 3312 nomine
1913 3278 2016 3312 Ger-

45 3319 154 3351 mani
181 3318 415 3363 appellantur,
443 3319 479 3353 Β.
504 3320 592 3355 Gall.
615 3323 645 3360 2,
664 3323 696 3353 4.
733 3321 835 3366 Segni
861 3321 1100 3368 Condrusique
1123 3333 1165 3356 ex
1189 3324 1290 3367 gente
1314 3325 1350 3358 et
1373 3333 1515 3358 numero
1540 3322 1875 3363 Germanorum,
1909 3326 1941 3363 6,
1960 3325 2014 3357 32.

45 3361 167 3406 Populi
194 3365 395 3409 complures,
420 3364 478 3398 sed
506 3374 572 3399 non
600 3365 784 3401 admodum
810 3367 1008 3414 frequentes
1034 3368 1076 3403 ad
1104 3368 1326 3403 Arduennam
1352 3378 1426 3403 sess
1450 3370 1623 3403 communi
1649 3369 1814 3403 venabulo
1848 3369 2013 3403 vorabant

44 3406 233 3445 Germanos
255 3410 279 3446 i.
296 3420 326 3446 e.
344 3411 487 3448 viciuos.
