2336 3736
314 253 396 295 806
444 255 537 293 (⁷⁷1.
556 254 634 293 772)
681 250 732 293 V.
769 255 803 293 1.
854 261 1102 293 DERIVATIO
1129 261 1321 293 cauca
1352 262 1411 293 m·
1438 262 1688 294 mssancA
1717 265 1940 296 werimum.

314 376 407 417 sine
439 375 566 417 dubio
593 375 674 416 fuit
703 384 920 429 correpta.
964 380 1007 415 ut
1036 375 1079 415 iu
1114 374 1376 418 Caeracates
1407 372 1480 427 (cf.
1512 374 1599 418 hib.
1631 380 1714 416 vet.
1747 374 1995 427 odirclmz'de,
2027 376 2083 432 gl.
2116 376 2285 429 ovinus,

314 457 337 484 e
366 443 497 493 odii-a,
525 441 704 490 cciz'raclz,
735 439 849 493 ovis)
881 439 981 481 Tac.
1004 439 1119 483 Hist.
1141 445 1180 493 4,
1205 442 1273 496 70,
1302 441 1486 483 fortasse
1514 441 1559 483 in
1583 441 1797 497 pluribus:
1824 436 1986 483 Ἴσακα
2018 443 2136 499 (fluv.
2159 443 2286 497 Brit.3

313 508 360 549 ef,
391 502 570 557 ’Όβοκα
602 507 731 561 infra)
772 506 916 548 Ptol..
937 505 1168 560 Κορνακόν
1198 508 1363 564 (oppid.
1395 507 1610 559 Pannon.3
1654 507 1705 550 cf.
1740 507 1936 552 Cornaco
1978 510 2023 551 in
2051 525 2164 567 pago
2194 511 2288 554 Ma-

314 582 522 626 iascens'e,
554 573 716 616 Renov.
750 580 842 616 test.
875 573 1076 633 Abbonis
1103 575 1202 618 circ.
1226 590 1262 618 a.
1284 572 1381 626 805,
1403 568 1566 618 Mabill.
1591 574 1693 629 dipl.
1725 590 1764 631 p.
1788 575 1891 630 508)
1913 575 2022 618 Ptol.
2072 574 2291 627 Σεούακες

315 644 431 695 (pop.
471 639 638 695 Noric.)
669 640 779 682 Ptol.
827 639 986 682 Levaci
1010 640 1149 694 Caes„
1182 641 1431 697 plerumque
1460 646 1604 682 tamen
1633 640 1713 682 fuit
1742 643 1950 697 producta
1980 651 2025 685 ut
2055 644 2099 684 in
2130 644 2287 686 formu-

313 708 375 750 lis·
394 707 532 767 ACA,
555 698 705 750 IACA
734 707 1105 762 frequentissimis,
1138 709 1190 750 de
1214 709 1368 764 quibus
1388 722 1488 749 mox
1509 706 1684 750 dicetur.
1727 707 1845 750 EQ:
1879 708 2087 752 Turecum
2111 710 2288 765 (nomen

313 781 525 820 uetustum
556 775 743 817 civitatis
774 772 966 825 Helvet.;
1000 775 1049 818 cf.
1083 774 1424 826 Turecionicum,
1459 773 1680 828 Allobrog.
1712 774 1805 827 loc,
1839 776 1881 816 in
1916 775 2020 819 Tah.
2044 776 2116 831 P.)
2147 778 2289 820 Inscr.

314 844 408 889 10<
443 842 643 886 Casticus
665 839 933 896 (sequanus)
957 840 1082 886 Caes.
1128 840 1380 893 Aremorici,
1412 840 1656 882 Arecomici
1680 839 1808 884 Caes.
1847 842 2020 885 Raurici
2041 842 2152 886 Plin.
2176 843 2285 888 Ptol.

317 911 502 956 Raurica
530 909 665 951 Inscr.
699 907 830 950 Orell.
861 908 956 949 432.
989 910 1082 952 590.
1124 909 1312 952 Urbicus
1342 906 1474 962 (nom.
1497 907 1598 960 viri,
1641 908 1692 950 cf.
1725 907 1972 964 Urbigenus
2009 925 2105 966 pag.
2136 910 2285 966 Caes.)

318 981 454 1021 Inscr.
488 976 619 1019 Orell.
643 977 740 1017 459.-
763 976 888 1017 4018.
922 975 1054 1018 Stein.
1080 977 1146 1018 42.
1192 974 1347 1017 Helico
1380 974 1454 1029 (ex
1486 973 1701 1017 Helvetiis
1731 974 1860 1023 civis)
1892 975 2001 1018 Plin.
2035 979 2098 1029 12,
2126 980 2160 1020 l.
2209 977 2286 1020 Di-

316 1048 410 1089 vico
444 1048 570 1087 Caes.
619 1042 828 1085 Bellicius
860 1045 877 1095 ζ
881 1058 991 1085 nom.
1025 1043 1124 1096 viri)
1156 1043 1288 1084 Inscr.
1322 1039 1454 1084 Orell.
1485 1042 1579 1096 5197.
1609 1042 1733 1086 2776.
1780 1043 1985 1098 Argicius
2015 1044 2181 1087 Auson.
2211 1060 2286 1100 pa-

312 1125 418 1156 rent.
444 1115 479 1151 4.
527 1110 807 1154 Cuticiacum.
843 1109 1143 1152 Cuticiacense
1178 1108 1392 1165 praedium
1426 1108 1771 1165 (supponendum
1794 1125 1948 1152 nomen
1970 1111 2047 1152 viri
2073 1109 2290 1166 Cuticius)

303 1182 459 1223 Sidon.
497 1179 619 1233 epist.
644 1177 683 1228 3,
711 1179 746 1216 1.
799 1176 980 1220 Riticius
1014 1179 1166 1234 (episc.
1199 1176 1522 1231 Augustodun.)
1556 1175 1687 1231 Greg.
1713 1175 1812 1218 Tur.
1846 1176 1899 1218 de
1929 1177 1984 1233 gl.
2018 1179 2127 1222 conf.
2161 1194 2194 1221 c.
2221 1180 2286 1222 75.

312 1249 359 1289 ln
395 1245 658 1288 derivatione
688 1246 919 1286 cumulata:
954 1243 1168 1287 Vindelici
1199 1243 1348 1286 Horat.
1380 1244 1615 1286 Avaricum
1646 1242 1770 1285 Caes.
1805 1242 1897 1285 ltin.
1931 1246 2034 1290 Ant.
2067 1246 2291 1288 Autricum

313 1316 423 1357 Ptol.
465 1313 568 1354 Tab.
604 1311 649 1351 P.
689 1311 870 1368 (oppida
902 1310 1069 1353 Galliae
1106 1312 1326 1353 nominata
1363 1326 1388 1352 a
1417 1310 1560 1352 fluviis
1592 1311 1757 1355 Avara.
1799 1311 1983 1363 Autara,
2032 1312 2127 1354 hod.
2159 1310 2285 1365 Evoe,

314 1381 462 1433 Eure).
510 1378 761 1420 Minaticum
783 1379 917 1433 (Gau.
940 1379 1043 1433 loc.)
1065 1379 1162 1420 Itin.
1188 1380 1289 1420 Ant.
1337 1377 1596 1419 Aventicum
1627 1376 1818 1432 (Helvet.
1843 1378 1991 1434 caput)
2014 1378 2116 1422 Tac.
2168 1379 2290 1424 OC-:

314 1444 479 1503 Ὀβόκα
512 1446 631 1499 (fluv.
666 1445 788 1500 Hib.)
822 1445 930 1488 Ptol.
975 1445 1289 1490 Durocobrivis
1322 1445 1447 1499 (Brit.
1481 1445 1581 1496 loc.·‚
1614 1444 1640 1486 i.
1666 1460 1701 1487 e.
1736 1460 1845 1501 pons
1879 1445 2101 1498 Durocae3
2133 1447 2185 1490 cf.
2217 1447 2294 1491 Sa-

317 1515 553 1558 marobriva
592 1512 738 1568 Caes.)
780 1514 871 1557 ltin.
904 1515 1004 1555 Ant.
1050 1514 1224 1556 Bibroci
1257 1512 1378 1556 Caes.
1451 1511 1571 1556 UC—:
1612 1508 1808 1565 ταυραύκ
1847 1512 2002 1567 (herba
2042 1514 2296 1570 gladiatoria

316 1581 476 1635 Gallis)
516 1580 713 1623 Dioscor.
744 1584 781 1631 4,
813 1582 878 1621 99.
932 1581 1110 1632 Sunuci,
1152 1582 1369 1625 Aduatuci
1414 1579 1537 1637 (pop.
1567 1580 1700 1636 belg.)
1744 1580 1855 1622 Plin.
1894 1579 2020 1623 Caes.
2078 1581 2294 1639 Sparucus

317 1646 573 1705 (Tribocns)
606 1646 742 1691 Inscr.
776 1648 907 1691 Orell.
932 1650 1055 1690 3408.
1078 1656 1079 1659 ’
1104 1649 1282 1692 Banuca
1313 1648 1445 1703 (nom.
1478 1648 1598 1702 fem)
1630 1646 1761 1691 Oreil.
1787 1647 1910 1690 4900.
1958 1648 2133 1692 Rasuco
2164 1649 2294 1693 Orell.

314 1717 439 1759 2775.
497 1714 696 1758 Visucius
728 1716 878 1770 (deus)
909 1716 1046 1759 inser.
1080 1716 1214 1759 Orell.
1236 1717 1362 1758 2067.
1396 1714 1528 1758 Stein.
1554 1715 1619 1757 63.
1649 1716 1741 1756 131.

435 1783 475 1834 ff)
532 1782 640 1824 {jum
675 1783 893 1825 vocalibus
932 1784 1169 1838 productis.
1237 1782 1632 1840 Frequentissimae
1653 1789 1772 1824 ·sunt
1808 1781 2013 1826 formulae
2051 1783 2296 1826 derivantes

322 1852 433 1904 ΑΓ-,
457 1843 594 1901 IAC-,
625 1851 707 1892 iam
730 1852 981 1893 statuendae
1011 1851 1051 1893 in
1078 1850 1246 1906 gallicis
1267 1852 1513 1894 nominibus
1536 1850 1736 1892 virorum:
1771 1849 1990 1906 Galgacus
2014 1849 2115 1893 Tac.
2160 1850 2295 1893 Dum-

321 1937 453 1963 nacus
495 1919 622 1962 Caes.
684 1918 925 1973 Neptacus,
963 1919 1201 1975 Nepitacus
1244 1917 1380 1961 Inscr.
1425 1917 1556 1961 Orell.
1579 1919 1719 1970 4595,
1751 1917 1979 1974 Magiacus
2011 1917 2142 1961 Orell.
2172 1919 2296 1961 4900.

321 1989 583 2039 Divitiacus,
626 1985 868 2028 Valetiacus
902 1985 1053 2038 Caes„
1092 1987 1142 2028 ad
1176 2001 1285 2043 qnae
1316 1986 1484 2028 accedit
1514 2001 1670 2028 nomen
1711 1985 1859 2042 populi
1890 1984 2138 2041 Segontiaci
2171 1985 2297 2029 Caes.

320 2054 541 2098 Profertur
561 2055 674 2095 enim
705 2068 859 2094 nomen
888 2054 1109 2095 inventum
1140 2054 1183 2096 in
1216 2054 1498 2109 inscriptione
1528 2059 1698 2095 vetusta
1719 2063 1760 2094 et
1792 2053 1904 2108 apud
1926 2050 2028 2095 Tac.
2061 2049 2298 2095 Caratacus

324 2124 435 2179 apud
469 2122 651 2179 populos
684 2120 949 2162 britannicos
980 2121 1112 2163 medii
1144 2120 1564 2177 aevipervulgatum
1605 2120 1812 2176 producta
1839 2120 1979 2162 vocali
2009 2120 2198 2162 finientis
2229 2121 2300 2162 de-

324 2190 544 2232 rivationis
591 2188 681 2243 (pp.
713 2189 751 2229 4.
783 2188 848 2229 82.
881 2188 945 2228 94.
978 2188 1066 2241 95).
1142 2187 1390 2233 concordat
1428 2202 1584 2230 nomen
1627 2186 1843 2239 Benacus,
1883 2187 1954 2228 vix
1992 2202 2079 2230 non
2118 2187 2299 2244 gallicae

325 2258 514 2312 originis,
549 2260 589 2297 et
620 2255 703 2297 alia
734 2254 849 2309 apud
881 2260 1047 2298 veteres
1078 2261 1230 2312 poetas
1261 2256 1324 2311 (p.
1347 2254 1435 2309 15).

435 2323 604 2366 Passim
636 2322 912 2363 inveniuntur
951 2323 1126 2365 eaedem
1154 2323 1362 2365 formulae
1401 2336 1499 2364 cum
1528 2322 1831 2365 terminatione.
1866 2322 2039 2376 generis
2077 2321 2216 2363 neutri
2255 2321 2299 2362 in

320 2391 563 2433 nominibus
610 2390 801 2432 locorum
847 2389 1015 2444 gallicis
1060 2396 1147 2432 tam
1188 2396 1328 2432 aetate
1370 2389 1662 2432 Romanorum
1708 2403 1836 2444 quam
1871 2388 2121 2430 recentiore.
2190 2386 2301 2430 Sub-

323 2474 420 2501 esse
438 2458 515 2499 his
546 2458 718 2499 nomina
746 2456 944 2507 virorum,
978 2457 1050 2513 qui
1081 2457 1219 2510 villas,
1251 2457 1384 2508 view,
1417 2456 1578 2512 oppida
1606 2455 1892 2498 condiderunt
1922 2455 1990 2497 vel
2012 2454 2298 2512 possederunt

323 2524 495 2580 (eodem
529 2525 652 2567 modo
685 2539 767 2579 quo
790 2524 1034 2566 nominibus
1065 2524 1255 2566 locorum
1276 2524 1533 2580 germanicis
1564 2523 1609 2565 in
1628 2523 1763 2578 -inya‚
1797 2523 1961 2578 —t'nqum
1991 2522 2100 2578 ipsis
2128 2534 2298 2578 quoque

323 2592 706 2648 frequentissimis)
752 2596 869 2648 patet
915 2606 937 2633 e
971 2591 1275 2634 vetustioribus
1314 2590 1590 2646 quibusdam:
1630 2588 1874 2632 Turnacum
1918 2588 2036 2645 (hod.
2069 2588 2295 2645 Tourna53

325 2660 508 2712 Tamus,
542 2674 653 2701 nom.
688 2658 766 2701 viri
797 2658 842 2699 in
874 2656 1020 2701 Sidon.
1053 2658 1177 2714 epist.
1203 2659 1245 2711 4,
1274 2657 1368 2712 24),
1400 2657 1682 2699 Nemetacum
1718 2657 1820 2711 (loc.
1854 2656 1985 2711 belg.;
2030 2655 2082 2698 cf.
2114 2656 2298 2699 virorum

324 2727 497 2768 nomina
528 2723 684 2776 Nimet,
733 2725 876 2766 Nemee
912 2739 981 2780 pp.
1013 2724 1079 2766 85.
1111 2724 1186 2779 87)
1217 2723 1322 2767 Tab.
1353 2723 1475 2766 Peut.
1515 2723 1614 2766 Itin.
1646 2724 1748 2766 Ant.
1798 2724 2024 2766 Avitacum
2057 2723 2299 2780 (praedium

326 2793 466 2848 Aviti)
506 2793 651 2836 Sidon.
686 2793 809 2847 epist.
841 2793 877 2845 2,
909 2793 946 2832 2.
992 2791 1263 2834 Brennacum
1292 2790 1535 2845 (Brennus,
1576 2805 1731 2833 nomen
1776 2791 1977 2847 gallicum
2006 2789 2301 2844 notissimum)

324 2861 455 2916 Greg.
488 2860 586 2902 Tur.
616 2860 658 2911 4,
679 2860 746 2900 22.
771 2860 837 2904 47..
869 2860 906 2910 5,
940 2861 1007 2906 35.
1027 2858 1311 2914 ,Fredeg...55.
1356 2858 1586 2910 Iuliacum,
1630 2857 1908 2900 Tiberiacum
1940 2858 2072 2912 (inter
2102 2856 2300 2899 Rhenum

326 2936 370 2970 et
402 2929 591 2979 Mosam3
633 2927 795 2975 Iulius.
839 2924 1060 2981 Tiberius)
1098 2926 1196 2968 Itin.
1241 2925 1518 2969 Abudiacum
1558 2923 1758 2976 (Raetiae
1796 2924 1896 2976 loc.;
1935 2924 2137 2967 Abudius
2176 2923 2300 2977 Tac.)

330 2995 420 3037 ltin.
468 2995 745 3039 Catusiacum
776 2994 877 3048 (loc.
910 2993 1040 3048 belg:
1081 2992 1132 3035 cf.
1165 2991 1326 3035 Gatuso
1357 2992 1402 3034 in
1431 2991 1649 3046 inscript„
1685 3005 1724 3046 p.
1758 2992 1861 3046 764)
1883 3026 1886 3029 .
1906 2991 2004 3033 Itin.
2035 2991 2138 3034 Ant.
2187 2990 2300 3033 Soli-

327 3064 558 3104 mariacum
597 3062 697 3116 (loc.
732 3061 784 3102 ad
813 3060 983 3102 Mosam
1016 3074 1272 3115 supremam3
1311 3058 1363 3101 cf.
1395 3057 1594 3102 Solimari
1625 3058 1682 3100 fil.
1722 3057 1858 3100 Inscr.
1892 3057 2026 3100 Stein.
2052 3057 2155 3112 324)
2197 3057 2297 3099 ltin.

328 3130 430 3170 Ant.
491 3129 682 3172 Possunt
712 3128 924 3170 interdum
953 3128 1104 3170 ‘eadem
1134 3126 1281 3169 reduci
1312 3125 1365 3168 ad
1396 3125 1572 3168 deorum
1603 3125 1671 3166 vel
1703 3125 1876 3167 dearum
1906 3124 2099 3176 nomina,
2146 3130 2191 3165 ut
2219 3123 2301 3165 hoc

327 3196 468 3250 ipsum
500 3195 820 3238 Solimariacum
861 3194 914 3238 ad
947 3192 1221 3244 Solimaram,
1267 3193 1389 3236 cuius
1420 3192 1540 3235 aedis
1566 3193 1620 3234 fit
1646 3193 1805 3234 mentio
1845 3193 1890 3232 in
1921 3190 2201 3246 inscriptione
2232 3205 2299 3244 ap.

332 3261 462 3304 Orell.
492 3263 631 3315 2050,-
663 3262 1005 3317 Magontiacum,
1046 3260 1367 3316 Mogontiacum
1408 3261 1461 3302 ad
1499 3260 1625 3302 deum
1646 3259 1904 3315 >Mogontem
1943 3258 2045 3313 (deo
2090 3257 2301 3312 Mogonti‚

332 3328 463 3370 inser.
485 3330 602 3383 brit.)
626 3330 757 3372 Oreli.
782 3328 907 3380 2026,
940 3337 987 3369 ut
1006 3329 1267 3371 Aventicum
1301 3328 1354 3369 ad
1376 3328 1500 3370 deam
1522 3327 1749 3369 Aventiam
1774 3325 2033 3380 fluentiam?
2063 3324 2114 3366 cf.
2148 3339 2187 3380 p.
2210 3324 2298 3375 82).

331 3395 392 3436 At
421 3396 557 3450 potuit
585 3396 667 3438 hoc
698 3412 722 3438 a
745 3397 871 3440 fluvio
893 3396 1123 3449 proficisci,
1156 3401 1200 3436 ut
1221 3394 1466 3446 Avaricum,
1499 3393 1737 3436 Autricum.
1782 3392 1841 3435 Et
1871 3391 2109 3435 cavendum
2140 3391 2298 3446 utique,

1668 3494 1684 3518 0
