2336 3736
840 266 1092 296 ΡΒΑΕΕΑΤΙΟ
1122 265 1358 297 Aucroms.
1597 251 1901 293 (XLV—XLVII)
1936 249 2093 293 XXXI

129 378 268 422 Multa
296 379 394 421 ideo
425 377 652 434 desumpta
689 393 742 419 ex
771 392 822 419 eo
854 377 1022 433 purgari
1056 377 1160 431 (nec
1198 377 1361 430 monui,
1388 366 1484 418 'nisi
1517 391 1600 418 vox
1630 374 1806 417 nimium
1835 375 1973 416 fuerat
2003 388 2093 416 cor-

132 451 277 507 rupta)
309 464 488 493 necesse
518 450 612 492 fuit.
671 449 862 503 Dignum
894 456 1008 492 certe
1040 456 1106 492 est
1135 449 1215 492 hoc
1247 455 1422 505 poema,
1455 448 1568 504 quod
1598 447 1810 503 puriorem
1843 453 1885 488 et
1914 446 2094 502 diligen-

129 524 286 567 tiorem
324 523 552 565 editionem
591 522 877 564 nanciscatur.
946 522 1140 578 Linguae
1177 521 1337 564 formae
1378 536 1472 563 cum
1503 511 1641 563 adhuc
1678 519 1934 562 vetustiores
1973 534 2095 574 repe-

130 597 303 649 riantur,
336 611 464 652 quam
495 603 595 638 sunt
626 595 790 638 saeculi
823 595 934 636 sexti
967 594 1119 637 decimi
1152 595 1292 651 priore
1321 603 1454 650 parte,
1485 594 1530 635 in
1562 592 1869 650 speciminibus
1901 592 2010 640 datis
2044 592 2096 633 ab

130 670 180 712 A.
205 669 368 711 Borde*
398 667 529 723 (obiit
557 683 595 710 a.
622 666 764 722 1545),
795 667 839 708 in
869 667 1022 723 quibus
1052 666 1135 709 iam
1168 667 1413 709 defecerunt
1442 666 1698 723 pronomina
1728 665 1883 707 suffixa
1914 670 1956 706 et
1976 677 2097 719 prae-

132 742 370 799 positiones
401 756 426 783 a
454 740 776 797 pronominibus
810 745 1035 796 separatae
1067 746 1180 792 sunt,
1214 746 1260 781 ut
1290 741 1337 780 de.
1369 740 1420 792 vi,
1451 741 1500 780 de
1531 753 1578 793 vy
1611 738 1767 793 (mihi),
1800 741 1849 780 de
1879 738 1970 792 why
2001 736 2098 791 (vo-

130 815 238 870 bis),
279 830 387 870 qena
415 814 506 869 wlcy
545 814 835 868 (vobiscum),
876 827 969 855 cum
1008 812 1054 855 in
1092 813 1280 855 carmine
1324 811 1602 855 communiter
1639 811 1780 853 valeat
1819 809 2008 862 suffixio,
2053 816 2100 850 ut

131 889 240 944 dym,
273 888 396 943 thym,
428 887 586 943 theteqh,
615 886 799 942 yetzouyh
831 884 893 941 (p.
918 886 999 928 379
1022 886 1120 942 sq.),
1154 885 1349 941 equidem
1381 900 1468 927 non
1488 883 1702 936 adverser,
1735 883 1771 926 si
1804 883 1898 940 quis
1930 888 2097 924 centum

134 961 204 1004 vel
235 961 363 1003 etiam
393 960 601 1002 ducentos
631 973 766 1001 annos
797 965 895 1001 ante
925 958 969 1000 id
989 964 1170 1014 tempus,
1201 957 1247 1000 in
1279 957 1496 1001 saeculum
1518 971 1621 1012 ergo
1653 963 1845 1012 quartum
1876 955 2100 1007 decimum,

135 1033 336 1076 carminis
369 1032 721 1088 compositionem
752 1037 944 1088 reponat.
1005 1030 1064 1074 Ut
1092 1032 1136 1074 in
1167 1030 1453 1074 Vocabulario
1491 1028 1594 1071 item
1631 1028 1677 1070 in
1704 1028 1787 1072 hoc
1819 1027 2004 1071 carmine
2041 1027 2102 1069 le-

140 1113 298 1162 guntur
333 1104 505 1162 anglica
539 1104 752 1148 vocabula
786 1111 1077 1160 transumpta:
1134 1105 1257 1160 redgye
1295 1103 1481 1160 (legere,
1530 1101 1574 1143 in
1618 1101 1725 1145 Voc‘.
1761 1102 1916 1154 redior,
1956 1101 2100 1153 lector,

134 1177 248 1234 angl.
279 1185 318 1220 to
347 1178 471 1233 read)
507 1178 587 1235 fq.‚
633 1185 787 1233 strevye
833 1177 1070 1233 (altercari,
1114 1177 1160 1218 in
1200 1175 1302 1219 Voc.
1332 1175 1496 1228 strifoffi
1544 1174 1862 1226 contentiosus,
1910 1173 2024 1229 angl.
2063 1182 2102 1215 to

135 1252 271 1303 strive,
303 1251 520 1307 altercari)
553 1252 620 1305 73,
637 1253 675 1304 4,
710 1250 860 1293 bodera
889 1250 1021 1306 (angl.
1055 1248 1256 1305 bucklers)
1289 1250 1354 1302 74,
1377 1250 1416 1302 2,
1448 1256 1636 1302 traytour
1664 1247 1799 1304 (angl.
1835 1246 2003 1302 ιναὶτον)
2034 1247 2102 1299 98,

137 1324 177 1378 3,
207 1327 318 1378 fase,
338 1327 418 1378 fae
446 1324 581 1380 (angl.
602 1327 706 1378 face,
737 1323 892 1377 facies)
915 1325 982 1376 95,
1005 1323 1044 1365 3.
1080 1325 1171 1375 196,
1196 1323 1235 1376 3,
1269 1331 1311 1365 et
1341 1322 1386 1364 in
1407 1320 1505 1364 aliis
1538 1320 1646 1363 locis
1676 1320 1811 1362 multa
1840 1320 1938 1373 alia,
1971 1325 2016 1361 ut
2037 1320 2104 1360 de-

133 1409 249 1451 serye-
277 1395 337 1451 (to
358 1397 520 1452 desire),
553 1401 776 1453 comfortye
804 1396 865 1450 (to
885 1395 1114 1450 comforte),
1146 1410 1280 1437 rec-ere
1301 1396 1361 1451 (to
1380 1393 1564 1448 receive),
1595 1407 1769 1434 mamzer
1789 1392 2003 1448 (manner)
2025 1398 2104 1435 etc.

245 1468 433 1525 Dignum
465 1476 532 1513 est
560 1477 804 1521 memoratu,
838 1470 880 1512 in
913 1483 1068 1524 magna
1096 1476 1218 1525 parte
1248 1467 1344 1511 libri
1378 1466 1548 1519 vetusti,
1580 1466 1653 1521 qui
1674 1466 1880 1522 auspiciis
1913 1466 2106 1522 anglicae

134 1542 355 1585 societatis
400 1543 660 1586 edendorum
689 1548 1058 1586 monumentorum
1095 1541 1254 1598 prodiit
1288 1541 1394 1583 1838
1434 1541 1512 1583 sub
1552 1539 1676 1581 titulo
1718 1534 1834 1581 ‘The
1865 1538 2033 1581 Record
2064 1537 2110 1581 of

136 1610 442 1669 anrnarvon',
473 1617 594 1660 cuius
624 1617 744 1673 origo
774 1622 841 1659 est
871 1614 1032 1658 saeculi
1064 1613 1201 1671 quarti
1230 1613 1397 1667 decimi,
1430 1613 1627 1670 quamvis
1658 1618 1876 1655 enumeret
1905 1611 2106 1667 regiones

137 1693 181 1730 et
208 1688 306 1732 loca
334 1689 567 1743 cambrica,
608 1689 750 1733 valere
787 1686 1131 1744 orthographiam
1171 1688 1346 1730 eandem
1387 1701 1495 1743 quae
1528 1693 1593 1729 est
1629 1686 1674 1728 in
1704 1679 1890 1729 carmine
1920 1684 2105 1737 cornico,

136 1761 351 1804 cornicam
382 1776 485 1818 ergo
517 1778 542 1805 a
570 1762 737 1806 notario
768 1762 954 1815 cornico,
986 1766 1033 1803 ut
1062 1760 1241 1813 videtur,
1274 1760 1529 1811 adhibitam,
1561 1775 1598 1801 e.
1621 1774 1682 1815 gr.
1711 1774 1737 1801 a
1764 1774 1806 1816 p.
1832 1760 1852 1800 1
1887 1771 2021 1812 usque
2053 1757 2108 1800 ad

141 1849 183 1890 p.
207 1835 273 1887 92,
309 1835 379 1877 ubi
410 1842 561 1878 contra
590 1835 806 1879 cambrica
835 1833 1002 1890 incipit,
1035 1840 1081 1874 ut
1109 1833 1302 1889 Bleddyn
1332 1847 1409 1888 pro
1442 1832 1629 1887 Blemya,
1660 1832 1755 1874 coelo
1784 1846 1860 1887 pro
1892 1832 2005 1887 coylt,
2038 1831 2108 1887 by-

134 1907 241 1949 clzan
270 1922 347 1963 pro
370 1908 537 1965 beqltan,
561 1909 725 1965 baylean
746 1908 818 1962 (cf.
842 1923 914 1965 pp.
939 1907 1032 1949 139.
1057 1905 1171 1961 151).
1231 1905 1432 1948 Alternat
1461 1911 1639 1961 utraque
1662 1904 1789 1947 etiam
1819 1902 1863 1946 in
1886 1904 1982 1947 aliis
2004 1918 2106 1946 con-

134 1980 264 2023 tentis
293 1980 339 2023 in
369 1981 516 2025 eadem
547 1981 757 2034 editione,
798 1995 835 2024 c.
857 1995 919 2037 gr.
951 1980 1126 2022 cornica
1153 1978 1253 2021 inde
1285 1994 1310 2021 a
1339 1994 1380 2035 p.
1415 1979 1516 2031 138,
1558 1977 1775 2021 cambrica
1809 1976 1856 2019 in
1884 1992 1926 2034 p.
1951 1979 2031 2019 257
2062 1976 2107 2019 in

137 2050 284 2095 charta
309 2051 502 2096 Eduardi
534 2054 615 2097 ΠΙ.

253 2124 491 2170 Codices
527 2127 827 2170 aremorici.
900 2129 934 2168 1.
981 2125 1252 2170 Chartularia
1289 2123 1642 2167 monasteriorum
1681 2122 1962 2165 vetustiorum
2009 2127 2110 2165 sunt

139 2197 427 2243 Rhedonense
466 2200 538 2243 vel
565 2201 726 2244 rectius
755 2200 1003 2243 Rotonense
1041 2199 1114 2254 (cf.
1146 2215 1187 2255 p.
1218 2199 1314 2254 90),
1356 2197 1646 2254 praestantius
1684 2196 1838 2238 ceteris
1877 2203 1919 2237 et
1952 2210 2110 2251 magna

137 2271 354 2314 nominum
384 2273 653 2330 propriorum
683 2273 807 2330 copia
839 2272 1049 2325 refertum,
1084 2279 1127 2315 et
1143 2272 1552 2314 Landevenecense.
1612 2269 1735 2312 Illius
1757 2268 2108 2325 compositionem

137 2359 162 2387 e
191 2344 352 2389 chartis
382 2347 633 2392 monasterii
669 2347 852 2390 vetustis
890 2346 1103 2402 inceptam
1143 2346 1317 2387 ineunte
1356 2343 1529 2386 saeculo
1568 2342 1794 2385 undecimo
1835 2342 1904 2385 vel
1933 2341 2110 2383 finiente

137 2423 303 2467 decimo
333 2431 376 2467 et
404 2422 567 2467 finitam
597 2421 713 2464 circa
738 2435 775 2462 a.
803 2421 909 2462 1162
942 2420 1122 2462 affirmat
1152 2418 1350 2462 Courson
1379 2418 1423 2460 in
1456 2432 1585 2474 opere
1617 2416 1669 2458 de
1700 2414 1873 2473 populis
1905 2413 2110 2457 britanni-

136 2495 200 2539 cis
230 2495 458 2553 inscripto:
517 2491 732 2538 ‘Histoire
769 2494 845 2537 des
877 2493 1055 2550 peuples
1086 2492 1268 2535 Bremns
1307 2492 1412 2534 dans
1454 2491 1497 2532 la
1523 2489 1663 2533 Gaule
1706 2496 1748 2531 et
1785 2488 1892 2531 dans
1931 2487 1995 2530 les
2025 2486 2106 2529 ‘iles

131 2566 446 2626 britanniques,
474 2567 601 2611 Paris
628 2560 763 2619 1846'‚
807 2568 852 2609 in
881 2573 994 2609 tomo
1021 2569 1054 2619 1,
1087 2582 1126 2622 p.
1152 2567 1246 2618 393,
1279 2571 1366 2607 not.
1391 2567 1426 2617 1,
1458 2563 1854 2606 Landevenecense
1874 2567 2012 2603 autem
2044 2560 2109 2601 in-

140 2648 269 2684 eunte
300 2642 473 2685 saeculo
502 2641 731 2684 undecimo
762 2640 966 2696 scriptum
997 2654 1094 2682 esse
1124 2645 1274 2681 censet
1301 2637 1414 2681 Dom
1443 2636 1609 2679 Morice
1640 2637 1684 2678 in
1716 2649 1847 2691 opere
1876 2632 2110 2689 inscripto:

132 2708 387 2758 ‘Memoires
418 2731 527 2773 pour
557 2714 694 2757 servir
724 2713 778 2756 de
807 2728 994 2769 preuves
1041 2714 1067 2754 a
1094 2712 1304 2755 l⁷histoire
1335 2709 1663 2765 ecclesiastique
1695 2715 1737 2751 et
1767 2707 1894 2751 civile
1924 2707 1977 2748 de
2006 2704 2112 2747 Bre—

142 2793 284 2843 tagne.
315 2787 413 2831 Par.
440 2783 559 2831 1742'
612 2788 657 2830 in
685 2793 787 2829 tom.
809 2785 844 2839 I,
877 2800 914 2828 c.
939 2787 1016 2827 177
1048 2785 1121 2838 (cf.
1153 2783 1304 2828 Cours.
1332 2787 1366 2836 1,
1397 2799 1438 2839 p.
1461 2784 1557 2835 422,
1588 2789 1676 2825 not.
1703 2781 1759 2837 1).
1819 2780 1888 2824 Ex
1917 2780 1972 2821 iis
2002 2793 2112 2834 quae

142 2867 244 2903 sunt
271 2862 388 2918 typis
407 2862 634 2919 impressa,
665 2858 940 2903 inveniuntur
969 2859 1013 2901 in
1044 2858 1111 2901 his
1143 2858 1251 2914 ipsis
1271 2857 1406 2909 libris,
1438 2855 1551 2912 apud
1574 2854 1770 2898 Courson
1802 2851 2113 2910 appendicibus

143 2934 237 2977 eius
271 2935 414 2990 operis
454 2934 556 2977 tomi
584 2933 710 2991 primi
749 2941 791 2975 et
821 2932 999 2974 secundi
1038 2931 1160 2986 (mihi
1192 2931 1326 2973 Rhed.
1353 2933 1371 2971 1
1406 2928 1475 2971 vel
1505 2928 1551 2983 2)
1594 2935 1636 2970 et
1664 2927 1778 2983 apud
1806 2925 1920 2969 Dom
1949 2924 2114 2967 Morice

141 3006 184 3049 in
216 3007 325 3050 actis
356 3006 634 3060 britannicis,
673 3006 784 3048 inter
822 3019 931 3061 quae
962 3004 1086 3048 etiam
1120 3004 1205 3045 alia
1235 3003 1406 3045 aliunde
1437 3001 1588 3044 hausta
1618 2999 1877 3052 recentiora,
1918 3014 1954 3042 e.
1976 3013 2037 3054 gr.
2068 2997 2113 3039 in

143 3078 400 3122 chartulario
430 3078 818 3136 Kemperlegiensi,
849 3078 1060 3132 leguntur.

255 3153 294 3195 2.
343 3152 448 3196 Vita
477 3152 522 3196 S.
542 3153 725 3195 Nonnae
755 3151 826 3193 vel
853 3151 1063 3203 Nouitae,
1100 3155 1251 3206 poema
1280 3148 1553 3191 dramaticum
1585 3152 1801 3188 servatum
1843 3160 1926 3186 uno
1966 3143 2114 3186 codice

235 3290 250 3306 ‘
283 3288 325 3323 In
355 3289 443 3324 libro
465 3283 635 3333 inscripto
667 3287 916 3323 ‘introduction
942 3288 978 3321 to
1001 3285 1218 3329 knowledge’,
1251 3295 1269 3318 e
1294 3295 1362 3330 quo
1386 3294 1427 3318 ea
1451 3283 1576 3316 iterum
1605 3281 1699 3325 typis
1722 3279 1891 3324 impressa
1915 3280 1989 3324 lego
2014 3280 2050 3313 in
2074 3278 2113 3311 11·-

146 3345 236 3379 bello
266 3345 452 3389 inscripto:
489 3343 702 3389 ‘Specimens
732 3344 769 3378 of
791 3343 936 3378 Gornish
969 3341 1158 3387 provincial
1188 3340 1329 3382 dialect,
1362 3339 1527 3374 collected
1560 3338 1627 3372 and
1652 3336 1819 3380 arranged
1844 3336 1890 3380 by
1916 3336 2023 3370 Uncle
2046 3334 2114 3368 Jan

141 3402 430 3444 Treenoodle,
462 3401 547 3436 with
575 3410 668 3435 some
692 3401 930 3444 introductory
957 3399 1123 3439 remarks,
1157 3398 1224 3431 and
1250 3408 1270 3431 a
1294 3398 1466 3443 glossar-y,
1499 3397 1545 3441 by
1570 3404 1615 3429 an
1640 3392 1861 3437 antiquarian
1885 3391 2013 3431 friend,
2044 3391 2114 3426 also

142 3467 164 3493 a
186 3458 353 3494 selectiora
376 3459 412 3493 of
432 3468 536 3507 songs
560 3458 629 3494 and
654 3458 753 3493 other
777 3457 891 3508 pieces
914 3455 1103 3491 connected
1129 3455 1210 3497 with
1237 3453 1415 3489 Cornwall.
1464 3451 1608 3487 London
1637 3450 1746 3490 1846’,
1771 3459 1806 3497 p.
1824 3451 1867 3483 84
1884 3458 1936 3497 sq.
