2336 3736
177 233 260 274 ‘220
298 235 393 274 (243)
572 232 630 275 II.
663 234 702 275 ⁶2.
749 245 1098 276 DECLINATIONIS
1129 245 1406 277 ιΠΒΕΒΝΙΟΑΕ
1436 245 1559 276 ORDO
1589 245 1739 276 Pmon.

838 496 1057 551 CAPUT
1091 495 1468 551 SECUNDUM.

869 609 944 657 De
973 610 1180 656 nominis
1207 610 1436 658 flexione.

783 770 823 814 l.
872 765 1093 815 Nomen
1129 766 1519 814 hibernicum.

940 890 994 931 A.
1035 888 1357 931 Declinatio.

276 1000 327 1042 In
360 1006 530 1043 vetusta
559 1001 706 1056 lingua
734 1001 973 1054 hibernica,
1004 1017 1111 1058 quae
1144 1017 1297 1056 magna
1325 1000 1548 1042 formarum
1580 1000 1764 1043 nominis
1802 1000 2008 1042 varietate
2040 1014 2129 1042 ser-

170 1076 267 1110 vata
297 1068 423 1122 longe
455 1076 629 1124 superat
659 1069 847 1111 eiusdem
879 1069 1030 1110 aetatis
1053 1069 1318 1121 cambi-icam,
1350 1075 1417 1110 est
1437 1068 1594 1123 duplex
1615 1067 1858 1110 declinandi
1880 1067 1996 1119 ordo,
2028 1082 2133 1122 quo-

168 1150 259 1176 rum
290 1135 404 1191 prior
435 1152 485 1178 ca
514 1137 686 1178 nomina
716 1136 994 1192 amplectitur,
1028 1151 1205 1192 quorum
1226 1137 1410 1178 themata
1429 1135 1651 1178 vocalibus
1671 1135 1960 1186 terminantur,
1993 1140 2136 1190 poste-

165 1202 262 1253 rior,
297 1218 469 1258 quorum
502 1203 686 1246 themata
715 1206 759 1245 in
790 1218 1002 1245 consonas
1034 1204 1248 1245 desinunt.
1315 1203 1382 1245 Ita
1419 1218 1505 1245 rem
1538 1219 1583 1245 se
1612 1203 1770 1245 habere
1809 1217 1904 1244 cum
1933 1202 2137 1258 probetur

165 1269 362 1325 analogia
400 1279 635 1313 ceterarum
672 1272 911 1326 linguarum
949 1276 1240 1325 cognatarum,
1280 1277 1364 1311 tum
1398 1271 1616 1326 praeclare
1648 1271 1920 1313 confirmatur
1959 1283 2134 1311 casuum

163 1336 354 1392 reliquiis
386 1339 578 1393 quamvis
609 1340 806 1380 tenuibus
840 1338 1007 1394 prisca-c
1039 1338 1218 1392 gallicae
1251 1345 1293 1379 et
1323 1353 1475 1379 caecae
1506 1337 1750 1380 hibernicae
1791 1337 1990 1393 (ogmicis
2021 1335 2133 1378 litte-

163 1404 222 1445 ris
254 1405 472 1460 scriptae).
533 1406 655 1458 Quae
686 1421 779 1448 cum
810 1405 1027 1447 tenuiores
1059 1405 1226 1461 quidem
1261 1407 1359 1455 sint,
1393 1421 1518 1460 quam
1550 1421 1603 1447 ex
1634 1405 1789 1460 quibus
1820 1404 1935 1446 iusta
1964 1409 2007 1445 et
2035 1418 2132 1459 per-

162 1471 274 1513 fecta
305 1472 602 1515 declinationis
634 1473 773 1529 imago
805 1473 994 1515 construi
1019 1473 1167 1528 possit,
1200 1480 1339 1514 tamen
1371 1473 1484 1514 haud
1515 1472 1784 1514 mediocriter
1812 1471 1857 1512 in
1878 1470 2132 1527 quibusdam

164 1539 217 1580 ad
256 1555 343 1581 rem
379 1539 558 1593 faciant,
600 1556 677 1582 suo
709 1555 901 1596 quaeque
935 1541 1027 1582 loco
1061 1548 1293 1595 sequentur
1323 1540 1583 1596 praemissae
1614 1538 1780 1592 formis,
1823 1553 1929 1594 quas
1961 1538 2133 1580 codices

163 1606 297 1647 nostri
328 1610 545 1661 praebent.
615 1609 685 1650 Ad
716 1608 897 1664 priorem
929 1607 1045 1648 illum
1078 1608 1270 1650 ordinem
1308 1608 1395 1650 fere
1426 1608 1642 1664 pertinent
1673 1606 1904 1657 adiecffiva,
1944 1622 2052 1662 quae
2091 1606 2134 1649 in

161 1673 435 1728 paucissimis
468 1675 679 1731 proprium
711 1675 878 1717 modum
902 1683 1114 1728 secuntur,
1147 1691 1233 1716 non
1256 1681 1344 1717 tota
1377 1675 1521 1731 specie
1553 1684 1598 1716 ut
1626 1674 1669 1715 in
1700 1673 1796 1716 aliis
1826 1673 1996 1731 linguis,
2030 1690 2065 1717 e.
2095 1690 2131 1718 c.

163 1741 408 1795 germanica
441 1747 481 1783 et
512 1742 695 1794 slavica,
728 1742 940 1798 posterior
970 1743 1073 1784 ordo
1105 1743 1293 1784 solorum
1321 1743 1409 1785 fere
1441 1743 1802 1785 substantivorum
1834 1748 1910 1793 est,
1940 1757 2023 1784 nec
2050 1748 2134 1783 tam

166 1807 365 1862 frequens
399 1810 604 1865 exemplis
643 1825 766 1864 quam
798 1810 924 1865 prior.
996 1810 1044 1851 In
1080 1817 1257 1866 utroque
1289 1810 1436 1852 ordine
1467 1811 1639 1851 vocales
1670 1811 1899 1852 flexionum
1930 1816 2029 1851 sunt
2064 1815 2136 1850 aut

165 1881 377 1927 externae,
412 1876 452 1917 in
474 1878 559 1918 fine
581 1878 851 1930 accedentes,
883 1885 955 1919 aut
976 1877 1180 1930 internae,
1212 1878 1351 1919 locum
1374 1885 1633 1933 occupantes
1662 1887 1758 1919 ante
1791 1891 2021 1919 consonam
2049 1882 2135 1918 ter-

165 1942 384 1994 minalem,
418 1944 510 1986 sive
541 1951 607 1986 est
635 1945 792 1986 radicis
825 1945 916 1987 sive
949 1945 1240 1987 derivationis.
1315 1944 1423 1988 Sunt
1452 1952 1675 2001 praeterea
1705 1944 1975 1987 substantiva
2005 1959 2135 2000 quae-

161 2010 255 2051 dam
294 2010 582 2066 discrepantia
627 2013 679 2054 ab
723 2013 889 2054 usitatis
930 2013 1232 2055 declinationis
1273 2013 1410 2054 modis
1449 2012 1632 2068 propriis
1669 2012 1842 2060 formis,
1893 2012 1985 2053 sive
2034 2026 2135 2054 ano-

163 2077 284 2119 mala.
360 2078 558 2120 Omnium
597 2079 745 2122 horum
785 2080 922 2121 dualis
960 2095 1159 2121 numerus
1198 2096 1283 2121 non
1314 2095 1390 2135 per
1417 2094 1463 2121 se
1496 2079 1632 2131 solus,
1673 2086 1720 2120 ut
1754 2079 1798 2121 in
1840 2078 1936 2121 aliis
1975 2079 2133 2134 linguis

163 2159 272 2199 quae
303 2145 465 2187 dualem
500 2157 742 2199 servarunt,
781 2163 989 2202 personas
1023 2148 1090 2189 vel
1120 2162 1189 2188 res
1221 2147 1327 2188 duas
1359 2147 1593 2202 significat,
1627 2147 1702 2188 sed
1735 2152 2004 2189 constructus
2036 2162 2131 2189 cum

163 2213 368 2253 numerali
407 2215 461 2253 cla'
502 2215 660 2269 pariter
696 2222 824 2270 atque
861 2215 905 2256 in
946 2215 1140 2256 dialectis
1173 2215 1436 2257 britannicis.
1499 2214 1701 2257 Ceterum
1733 2214 1826 2255 sola
1863 2214 2132 2257 substantiva

164 2279 210 2319 in
244 2280 417 2321 formam
450 2281 615 2324 dualem
647 2283 756 2323 flexa
787 2290 898 2334 sunt,
932 2282 1145 2324 adiectiva
1176 2297 1345 2337 semper
1373 2282 1579 2338 plura-lem
1608 2281 1848 2324 induerunt.

960 2439 1127 2488 Ordo
1164 2440 1345 2504 prior.

276 2561 556 2603 Substantiva
586 2569 628 2604 et
658 2564 870 2605 adiectiva
901 2562 1070 2618 generis
1109 2563 1335 2605 masculini
1373 2569 1413 2605 et
1452 2563 1589 2603 neutri
1633 2561 1893 2604 concordant
1929 2561 2133 2614 flexione3

164 2629 431 2670 substantiva
471 2636 513 2670 et
552 2630 764 2672 adiectiva
804 2630 972 2686 generis
1015 2630 1205 2672 feminini
1247 2646 1299 2672 ex
1337 2636 1456 2685 parte
1492 2629 1689 2685 proprios
1734 2630 1882 2672 modos
1921 2635 2132 2672 secuntur.

160 2695 356 2737 Exhiboeo
387 2697 566 2752 primum
601 2697 773 2739 schema
803 2698 988 2740 omnium
1021 2697 1260 2738 declinandi
1296 2697 1531 2747 modorum,
1572 2712 1679 2753 quos
1712 2697 1807 2739 dico
1839 2698 1996 2751 series,
2035 2712 2133 2753 pro-

160 2777 327 2817 ponens
363 2764 656 2819 paradigmata
695 2765 978 2820 singulorum,
1030 2764 1200 2806 omissis
1244 2770 1386 2805 tamen
1424 2764 1608 2806 locativo
1648 2770 1690 2805 et
1728 2763 1914 2806 ablativo
1949 2765 2133 2816 casibus,

163 2844 338 2884 quorum
370 2830 594 2886 reliquiae,
638 2833 710 2875 ubi
742 2839 840 2874 sunt
860 2832 1067 2875 ‚diversae
1100 2847 1125 2872 a
1155 2831 1298 2873 dativo
1328 2832 1507 2884 formae,
1548 2847 1623 2873 suo
1663 2845 1856 2886 quaeque
1894 2831 1988 2873 loco
2025 2830 2135 2873 infra

160 2897 399 2949 tradentur3
439 2898 606 2953 profero
648 2899 802 2940 deinde
844 2899 1112 2941 substantiva
1151 2904 1192 2940 et
1228 2899 1442 2940 adiectiva
1482 2898 1708 2955 probant-ia
1743 2898 1901 2940 formas
1943 2897 2133 2940 cuiusvis

165 2964 290 3005 seriei
324 2964 393 3005 hic
424 2965 657 3020 expositas,
690 2973 763 3007 aut
792 2967 1021 3007 varietates
1055 2981 1194 3007 earum
1228 2966 1460 3015 offerentia,
1494 2983 1547 3007 ex
1577 2965 1684 3020 ipsis
1716 2965 1948 3007 codicibus.

546 3111 855 3153 Declinatio
887 3112 1190 3153 masculina
1219 3120 1268 3153 et
1298 3112 1514 3168 generis
1544 3111 1744 3153 neutri.

275 3198 587 3256 paradigmata:
628 3201 661 3242 I.
703 3216 737 3241 a.
771 3200 1023 3256 Exemplum
1070 3217 1152 3242 non
1195 3201 1429 3243 derivatum
1467 3201 1551 3243 hall
1579 3201 1866 3256 (membrum),
1899 3200 2133 3243 derivatum

162 3266 277 3305 tuis-el
304 3266 490 3320 (casus);
533 3269 571 3310 b.
604 3269 681 3309 cae'le
712 3268 911 3322 (socius).
959 3268 1209 3323 Exemplum
1240 3269 1365 3311 huius
1395 3269 1620 3311 divisionis
1654 3269 1901 3321 derivatum,
1934 3273 1979 3309 ut
2001 3267 2132 3309 echire

162 3332 344 3385 (mulio),
377 3337 511 3374 tostire
542 3336 773 3391 (legatus),
809 3335 963 3377 addere
996 3351 1079 3376 non
1110 3342 1193 3377 tam
1225 3337 1515 3378 necessarium
1544 3336 1729 3388 videtur,
1763 3350 1887 3391 quam
1919 3335 1962 3376 in
1991 3334 2132 3390 priore

161 3400 214 3441 ob
251 3406 435 3442 internas
476 3401 673 3443 flexionis
714 3402 903 3444 vocales.
966 3402 1163 3455 lLsa'ith
1193 3402 1369 3459 (vates).
1430 3402 1512 3445 ΠΙ.
1546 3402 1629 3444 luith
1651 3402 1889 3457 (mundus).
