2336 3736
571 221 607 264 Ι.
640 224 676 263 1.
736 231 934 264 vocALns
964 231 1236 264 mumma
1265 231 1447 263 naevus.
1863 224 1914 266 (4)
1956 227 1982 268 3

776 460 992 516 CAPUT
1033 460 1242 517 PRlUS.

464 561 539 611 De
566 579 796 611 sonorum
821 562 1050 623 seriebus,
1075 570 1258 623 natura,
1285 562 1558 612 infectione.

711 686 748 736 I.
814 687 956 735 Soni
1000 687 1311 737 hibernici.

845 800 900 842 A.
939 797 1181 843 Vocales.

150 889 369 934 Vocalium
401 891 641 947 systemati,
681 890 793 947 quod
822 891 1091 933 observatum
1128 896 1194 933 est
1226 889 1271 932 in
1300 889 1457 947 linguis
1490 893 1632 949 stirpis
1661 893 1982 952 indeuropaeae,

38 973 124 1001 non
159 965 367 1015 repugnat
402 959 554 1002 celtica
589 958 746 1014 lingua.
807 957 968 1002 Contra
1003 958 1193 1000 vocalem
1222 959 1283 1013 A,
1320 960 1528 1003 vocalium
1565 961 1687 1018 quasi
1721 968 1907 1005 centrum
1945 970 1987 1005 et

37 1026 310 1083 principium,
343 1026 453 1069 unde
484 1027 708 1083 divergunt
737 1027 818 1069 duo
848 1025 977 1079 radii,
1010 1031 1221 1069 extremae
1250 1026 1416 1083 positae
1447 1034 1545 1070 sunt
1572 1029 1741 1073 vocales
1774 1046 1827 1074 ex
1856 1032 1987 1074 altera

38 1101 156 1149 parte
186 1094 220 1143 I,
254 1101 305 1137 ex
337 1095 468 1137 altera
495 1094 549 1148 U,
582 1109 687 1151 quas
717 1094 827 1137 inter
856 1101 899 1137 et
925 1093 1205 1151 principalem
1234 1096 1276 1138 A
1306 1096 1577 1139 intermediae
1609 1104 1706 1140 sunt
1732 1098 1770 1141 E
1803 1099 1931 1154 (inter
1961 1117 1988 1141 a

39 1168 81 1203 et
107 1162 146 1217 i)
187 1162 296 1206 etO
336 1163 475 1219 (inter
504 1179 530 1204 a
561 1169 602 1205 et
630 1163 703 1218 a):
749 1177 894 1204 omnes
934 1162 1014 1204 hae
1051 1163 1223 1206 vocales
1263 1170 1334 1205 aut
1370 1165 1602 1223 simplices,
1648 1167 1739 1210 sive
1776 1169 1985 1222 breves,

38 1238 332 1286 correptae,
366 1237 437 1273 aut
467 1231 669 1287 duplices,
699 1229 790 1273 sive
819 1230 1027 1287 longae,
1066 1231 1369 1287 productae.
1429 1233 1655 1278 Adiunctis
1688 1237 1883 1279 extremis
1913 1253 1984 1280 vo-

38 1298 200 1341 calibus
241 1306 313 1340 aut
353 1299 402 1341 ad
440 1298 717 1356 principalem
755 1316 781 1340 a
816 1304 886 1340 aut
926 1299 977 1341 ad
1014 1299 1283 1342 intermedias
1314 1316 1333 1342 e
1363 1307 1405 1343 et
1433 1316 1455 1343 0
1489 1303 1596 1345 fiunt
1632 1303 1880 1361 diphthongi
1913 1320 1989 1348 sex

39 1365 116 1419 AI,
147 1365 222 1419 EI,
257 1365 317 1408 OI
349 1374 390 1408 et
417 1366 515 1418 ΛΠ,
545 1363 640 1420 EU,
675 1365 770 1419 OU,
803 1365 954 1423 quibus
986 1383 1085 1408 num
1116 1367 1310 1410 addenda
1341 1368 1395 1410 sit
1424 1369 1489 1412 IU
1519 1386 1571 1413 ex
1603 1372 1800 1415 extremis
1833 1373 1989 1416 combi-

38 1439 148 1487 nata,
181 1434 353 1477 dubium
372 1434 635 1490 relinquitur.
684 1433 767 1477 Est
795 1434 941 1476 harum
971 1436 1191 1489 vocalium,
1221 1437 1468 1492 praesertim
1499 1439 1766 1496 simplicium,
1797 1440 1863 1483 vis
1886 1440 1988 1483 alte-

36 1517 135 1545 rans
165 1503 276 1545 inter
306 1517 414 1556 sese,
447 1518 570 1558 quam
599 1517 677 1544 nos
709 1502 895 1545 dicemus
923 1503 1205 1547 infectionem.

792 1616 1012 1660 Vocales
1044 1618 1244 1662 breves.

151 1673 210 1747 A
241 1713 460 1764 correptae
499 1707 691 1764 exempla
729 1708 773 1750 in
801 1707 980 1750 vetustis
1017 1708 1258 1753 nominibus
1289 1710 1454 1767 gallicis
1486 1711 1687 1756 exhibent
1720 1714 1804 1757 iam
1838 1720 1988 1773 poetae

37 1775 157 1819 latini
187 1775 389 1819 ·veteres.*
450 1775 605 1832 Vergil.
638 1776 714 1819 ecl.
751 1777 785 1827 1,
808 1777 883 1819 63:
917 1782 989 1818 aut
1017 1776 1175 1819 Ararin
1203 1777 1386 1822 Parthus
1406 1780 1535 1824 bibet.
1565 1780 1726 1824 Lucan.
1748 1780 1988 1827 Claudiam:

37 1844 200 1898 Araris,
234 1844 402 1897 Ararin,
434 1844 614 1887 Ararim.
659 1844 819 1888 Lucan.
854 1845 891 1897 1,
912 1844 1013 1886 446:
1045 1842 1228 1889 Taranis
1258 1862 1346 1889 non
1375 1847 1515 1891 mitior
1545 1864 1628 1891 ara.
1675 1848 1751 1893 Sil.
1780 1850 1915 1894 Italic.
1952 1854 1992 1906 4,

36 1913 139 1956 232:
178 1918 332 1955 mactat
359 1912 657 1970 Labarumque
687 1912 933 1969 Padumque
973 1918 1014 1954 et
1052 1911 1246 1957 Caunum
1284 1922 1325 1957 et
1368 1916 1497 1958 multo
1536 1916 1610 1959 vix
1644 1916 1782 1961 fusum
1818 1919 1992 1963 vulnere

37 1981 244 2024 Breucum
268 1979 581 2037 Gorgoneoque
602 1979 759 2023 Larum
776 1985 1040 2036 torquentem
1060 1981 1220 2025 lumina
1238 1983 1412 2026 vultu.**
1441 1983 1624 2027 Martial.
1650 1987 1712 2039 14,
1737 1986 1868 2043 epigr.
1890 1988 1992 2030 200:

38 2064 123 2091 non
155 2049 249 2101 sibi,
282 2049 357 2091 sed
388 2048 555 2091 domino
586 2054 765 2091 venatur
794 2056 1018 2106 vertragus
1050 2064 1158 2093 acer.
1206 2051 1371 2094 Auson.
1392 2051 1595 2095 Mosella:
1626 2053 1852 2109 Alisontia,
1882 2055 1993 2097 Dra-

37 2117 188 2169 honus,
212 2116 413 2170 Saravus,
436 2116 718 2170 Carantonus,
741 2117 961 2161 Garumna
982 2117 1169 2173 (Galliae
1190 2118 1342 2175 fluvii),
1364 2120 1628 2177 Nivomagus
1650 2121 1835 2177 (locus);
1867 2124 1990 2180 epist.

39 2187 105 2228 22.
127 2187 202 2229 24:
225 2185 543 2242 Hebromagus3
574 2186 664 2228 urb.
689 2187 761 2229 13:
783 2185 1032 2242 Tectosagi3
1064 2193 1225 2243 parent.
1247 2188 1294 2229 4:
1327 2187 1529 2240 Aturru33
1563 2190 1600 2231 8.
1626 2191 1698 2232 15:
1720 2189 1991 2247 Burdigalae.

40 2253 185 2298 Sidon.
220 2268 344 2296 carm.
374 2254 413 2295 5.
445 2254 507 2295 13.
531 2254 604 2297 23:
634 2253 823 2308 Vacalis,
854 2254 1060 2297 Vachalis
1092 2255 1305 2312 (fluvius);
1339 2271 1462 2299 carm.
1496 2257 1569 2299 24:
1600 2263 1752 2300 terram
1782 2257 1993 2302 Gabalum

49 2321 153 2364 satis
181 2322 386 2364 nivosam.
439 2321 566 2363 Addo
599 2320 793 2365 Catullus
833 2321 1014 2378 (Catull.
1037 2325 1075 2365 6.
1101 2325 1139 2366 8.
1166 2325 1218 2367 10
1242 2331 1319 2367 etc.
1369 2323 1552 2366 Martial.
1580 2327 1643 2378 14,
1681 2325 1798 2381 195),
1838 2341 1992 2371 nomen

40 2395 190 2445 poetae
226 2388 510 2442 Veronensis,
549 2403 572 2431 e
602 2388 747 2445 lingua
776 2389 929 2446 gallica
959 2397 1104 2444 ortum,
1136 2398 1181 2434 ut
1211 2392 1384 2436 aliorum
1414 2392 1662 2449 scriptorum
1692 2398 1879 2436 veterum
1907 2395 1992 2438 Ita-

43 2457 124 2499 liae
156 2458 399 2514 superioris.

132 2560 147 2576 “
174 2561 200 2594 A
229 2560 341 2605 poetis
364 2561 512 2596 romanis
536 2570 656 2596 vocum
682 2561 883 2607 gallicarum
910 2563 1041 2598 vocales
1066 2573 1116 2605 ea,
1142 2574 1212 2609 qua
1236 2564 1465 2599 audiebantur
1490 2575 1530 2599 ex
1555 2575 1610 2599 ore
1635 2565 1828 2611 peregrino,
1854 2568 1990 2613 quanti-

41 2608 112 2640 tate
134 2606 285 2640 redditas
309 2617 400 2649 esse,
433 2617 502 2642 non
525 2608 684 2649 dubium,
708 2618 787 2642 cum
812 2611 931 2653 pateat
954 2619 995 2643 ex
1019 2612 1165 2655 utraque
1191 2610 1325 2654 lingua,
1351 2610 1526 2645 hibernica
1550 2613 1585 2645 et
1608 2611 1819 2655 britannica,
1843 2617 1878 2647 et
1902 2624 1991 2648 com-

40 2651 154 2696 plures
184 2652 304 2697 poetae
337 2653 463 2688 fuerint
491 2654 632 2699 gallicae
656 2654 796 2699 originis
827 2655 881 2688 vel
910 2655 1045 2700 linguae
1075 2656 1217 2701 gallicae
1247 2656 1432 2691 habuerint
1462 2658 1706 2702 cognitionem,
1738 2661 1779 2692 ut
1811 2659 1991 2705 Vergilius,

42 2696 210 2739 Catullus,
235 2699 419 2741 Ausonius,
441 2699 610 2735 Sidonius,
656 2699 749 2734 Haec
773 2701 892 2745 regula
914 2711 984 2735 non
1007 2701 1196 2735 destruitur
1223 2712 1291 2736 una
1313 2703 1367 2736 vel
1391 2703 1498 2737 altera
1522 2703 1658 2737 licentia
1682 2704 1824 2748 poetica,
1850 2709 1891 2739 ut
1913 2716 1991 2740 cum

41 2743 239 2788 Propertius
262 2748 295 2785 4,
316 2748 369 2780 10.
389 2749 430 2779 41
458 2746 598 2791 corripit
620 2756 643 2779 α
667 2746 815 2780 nominis
838 2746 949 2792 gallici
975 2747 1217 2788 Virdomarus,
1248 2758 1350 2792 quam
1375 2749 1410 2782 et
1433 2751 1578 2794 utraque
1604 2749 1720 2794 lingua
1744 2750 1896 2785 vindicat
1919 2752 1990 2786 lon-

42 2799 119 2835 gam
144 2791 180 2823 et
202 2790 288 2835 lapis
314 2793 467 2826 vetustus
500 2792 597 2837 signo
620 2792 854 2836 productionis
878 2794 977 2826 notat
1006 2793 1123 2834 (Orell.
1142 2795 1262 2835 3582),
1294 2794 1346 2827 vel
1377 2804 1454 2828 cum
1488 2795 1545 2828 alii
1577 2798 1697 2839 poetae
1721 2800 1861 2840 cogente
1884 2802 1992 2831 metro

46 2835 242 2879 producunt
265 2836 382 2872 breves
405 2848 432 2879 e,
456 2848 475 2871 o
500 2837 536 2872 in
558 2837 753 2872 nominibus
777 2838 1006 2880 Aremoricus,
1032 2837 1250 2880 CaledoniuS,
1274 2839 1511 2874 Mediolanum.
1546 2841 1761 2875 Recentiores
1788 2843 1908 2887 poetae
1932 2845 1992 2877 mi·

43 2882 132 2915 noris
156 2885 239 2916 sunt
261 2884 478 2918 auctoritatis
501 2882 538 2918 in
561 2883 625 2918 hac
641 2894 686 2925 re,
711 2886 752 2917 ut
776 2884 968 2919 Venantius
993 2885 1214 2927 Fortunatus,
1240 2886 1299 2930 qui
1321 2885 1455 2920 diversa
1478 2887 1671 2931 quantitate
1695 2888 1844 2931 proferat
1858 2890 1992 2923 easdem

44 2927 220 2963 nominum
243 2930 510 2973 germanicorum
535 2929 686 2964 vocales:
711 2933 743 2971 4,
763 2933 783 2964 3
810 2930 975 2975 Thuringi
998 2931 1165 2976 producta
1187 2942 1220 2972 u,
1247 2936 1280 2972 4,
1304 2934 1323 2965 2
1350 2934 1384 2965 et
1410 2935 1439 2966 8.
1467 2936 1481 2965 1
1509 2933 1707 2977 Thai-mgna,
1734 2936 1824 2967 ten-a
1847 2935 1991 2981 Toringa

42 2975 197 3019 correpta
221 2985 251 3015 o,
275 2979 315 3009 ut
339 2979 369 3016 7,
397 2979 414 3009 7
440 2979 474 3009 et
498 2978 529 3017 9,
558 2980 572 3008 1
598 2985 724 3010 nomen
748 2976 881 3017 Danus,
912 2976 999 3010 Dani
1036 2988 1058 3010 a
1094 2976 1193 3011 modo
1216 2977 1382 3021 producta
1407 2978 1505 3011 modo
1530 2981 1693 3023 correpta.
1745 2980 1867 3013 Eodem
1894 2982 1992 3015 modo

46 3019 80 3053 in
106 3022 137 3062 3,
169 3023 220 3054 12.
239 3024 280 3054 14
303 3021 446 3055 Musena
469 3032 494 3055 u
517 3021 692 3067 producta,
716 3021 753 3057 in
779 3026 832 3063 10,
862 3025 903 3056 10
926 3022 1062 3056 Mosella
1086 3034 1104 3056 ο
1129 3025 1293 3067 correpta.

134 3065 168 3084 ⁸⁸
193 3065 338 3102 Nomina
362 3067 545 3102 Gallorum.
585 3068 671 3101 Item
694 3077 820 3102 nomen
844 3066 939 3101 fluvii
964 3068 1080 3102 Padus
1107 3069 1209 3113 Verg.
1236 3067 1423 3111 Claudiam,
1449 3073 1484 3102 et
1507 3069 1645 3104 Padusa
1669 3069 1765 3112 (Padi
1792 3072 1916 3106 ostium
1941 3072 1995 3106 vel

44 3109 148 3153 fossa)
174 3112 274 3158 Verg.
294 3113 378 3148 Aen.
399 3117 450 3155 11,
468 3115 545 3154 45⁷,
570 3113 611 3147 de
636 3114 734 3147 cuius
757 3114 885 3158 origine
909 3113 1041 3148 Plinius
1059 3118 1089 3148 3.
1112 3117 1169 3149 16:
1195 3114 1405 3149 Metrodorus
1423 3115 1582 3160 Scepsius
1599 3116 1692 3156 dicit,
1719 3120 1878 3161 quoniam
1903 3119 1993 3153 circa

45 3155 172 3192 fontem
198 3159 297 3193 arbor
322 3159 430 3194 multa
453 3159 500 3194 sit
522 3159 632 3204 picea,
665 3170 752 3204 quae
802 3158 881 3194 ades
901 3160 1027 3204 yallice
1050 3165 1204 3201 vocetur,
1237 3161 1367 3195 Padum
1393 3162 1453 3195 hoc
1477 3172 1602 3195 nomen
1627 3163 1807 3206 accepisse.
1855 3163 1989 3198 Nomini

48 3199 178 3238 Labori
204 3204 298 3249 iungi
315 3207 427 3249 potest
444 3205 539 3239 fluvii
562 3215 686 3239 nomen
716 3204 765 3239 La
788 3215 854 3239 ara
877 3206 913 3240 in
937 3207 1064 3240 chartis
1090 3207 1188 3240 medii
1213 3208 1287 3242 aevi
1312 3208 1410 3247 (sunt
1434 3211 1502 3242 tres
1526 3208 1599 3241 eius
1624 3209 1771 3242 nominis
1794 3207 1922 3243 fluvioli
1947 3221 1987 3243 ex

45 3254 190 3295 utraque
221 3253 316 3296 peric
353 3251 494 3285 Danuvii
526 3261 629 3296 prope
663 3252 847 3296 Reginum,
887 3262 990 3296 germ.
1016 3263 1147 3297 grosse,
1175 3253 1298 3294 kleine,
1323 3254 1496 3288 schwarze
1522 3253 1650 3294 Laber).
1700 3252 1778 3287 Adi.
1802 3251 1905 3290 labar
1927 3255 1989 3296 (lo-

45 3298 188 3338 quens),
224 3296 353 3334 hibern.
385 3301 450 3331 vet.
474 3297 625 3332 sulbair.
657 3298 783 3334 cambr.
807 3300 874 3332 vet.
900 3297 1041 3332 laetabar
1064 3299 1164 3336 (bene
1190 3299 1349 3343 loquens,
1378 3299 1576 3347 eloquens),
1608 3298 1732 3333 cambr.
1759 3300 1836 3334 hod.
1860 3302 1990 3346 astafar

49 3342 214 3384 (munis),
241 3341 415 3377 lechlavar
438 3344 632 3377 britannica
657 3342 772 3388 lingua
797 3343 886 3389 lapse
911 3345 1037 3389 loquax
1061 3344 1279 3384 <San-Marte,
1305 3343 1398 3379 Meri.
1418 3358 1446 3388 p.
1467 3348 1536 3388 49).
1569 3343 1648 3380 Adi.
1673 3343 1774 3378 labar
1797 3348 1990 3392 (superbus,

46 3391 221 3433 arrogans)
252 3387 331 3424 wb.
357 3392 404 3425 δὴ.
439 3388 568 3424 eslabre
591 3389 665 3436 Agl..
681 3389 837 3424 amabilia
871 3401 1112 3434 quaecunque,
1137 3391 1300 3436 cogitate;
1335 3391 1354 3425 ἰ.
1381 3402 1406 3424 e.
1434 3400 1502 3425 non
1526 3391 1689 3436 superba,
1724 3392 1878 3427 modesta
1893 3407 1901 3438 ς
1927 3394 1991 3427 adi.

46 3443 194 3476 compos.
219 3444 299 3468 cnm
322 3440 409 3479 part.
435 3437 558 3482 privat.
582 3435 730 3471 eslabar')
757 3437 825 3469 24¹².

1687 3504 1724 3530 's
