2336 3736
285 278 368 320 890
412 277 504 315 (860.
522 277 600 317 861)
760 273 812 317 V.
845 274 883 318 2.
929 284 1205 316 composrrm
1234 283 1510 315 Bm'rANfflcA
1541 281 1773 314 sommum.

279 408 325 443 ut
355 400 539 456 {Iyyotwr
573 398 773 453 (murium
806 396 1014 451 venator),
1048 410 1186 438 canwr
1216 394 1416 450 (cantor),
1448 401 1603 437 cantu-r
1632 392 1746 449 (id),
1778 393 1933 450 quibus
1963 393 2251 450 respondeant

280 460 486 510 feminina
515 466 558 507 in
588 465 767 521 ρωναίῃῑ
802 464 1070 519 llygsotwraiy,
1102 464 1324 518 canwraz'y,
1356 465 1597 517 cantwraz'y.

398 533 541 589 Magis
574 533 717 588 digna,
748 546 858 586 quae
889 532 1136 588 diligentius
1169 534 1476 582 enumerentur,
1508 535 1608 573 sunt
1628 527 1867 570 britannica
1896 525 2164 570 substantiva
2182 540 2247 578 ea,

282 615 392 656 quae
430 601 522 642 sive
553 599 856 641 obsoleverunt
891 605 1011 640 extra
1043 597 1418 653 compositionem,
1460 597 1552 639 sive
1589 595 1831 638 etiamnunc
1869 601 2035 647 extant,
2077 594 2130 636 ob
2167 592 2250 636 fre-

281 668 548 724 quentiorem
581 681 701 708 usum
732 666 776 706 in
809 665 1045 721 posteriore
1075 665 1170 707 loco
1201 664 1529 720 compositorum
1561 663 1823 706 transierunt
1850 663 1938 705 fere
1967 662 2011 704 in
2047 659 2249 704 formulas

281 734 540 776 derivantes.
595 732 703 774 Sunt
734 732 939 775 eiusmodi
970 746 1038 773 ma
1066 733 1219 787 (man),
1249 732 1369 787 qued,
1403 731 1477 784 bot,
1510 731 1638 785 νωμᾶ,
1670 731 1728 782 lit,
1762 730 1988 772 subiuncta
2018 727 2250 772 substanti-

282 802 348 844 vis
379 801 450 842 vel
480 800 717 851 adiectivis,
752 814 860 855 quae
891 807 1148 856 conspectus
1181 814 1311 841 causa
1338 799 1418 840 hoc
1448 799 1542 840 loco
1574 813 1657 839 una
1684 796 1963 853 proferuntur.

395 867 485 909 MA
517 867 671 923 (locus,
704 883 776 924 pp.
807 868 845 909 4.
882 866 979 918 1363
1026 867 1182 908 cambr.
1217 866 1312 908 hod.
1335 865 1444 920 -J'a):
1482 866 1672 906 enarima
1712 864 1788 919 (gl.
1820 864 1863 905 in
1894 878 2051 920 agone3
2089 864 2171 917 leg.
2202 877 2251 905 en

283 935 474 990 airmai')
512 935 567 990 gl.
600 936 707 977 be.
757 935 941 989 diyatma
974 934 1051 989 (gl.
1083 949 1193 987 area,
1227 935 1280 990 gl.
1315 932 1475 987 circus)
1507 933 1561 989 gl.
1587 932 1667 973 Ox.
1691 933 1771 974 37²:
1794 932 1880 984 38⁸,
1921 931 2028 987 plur.
2060 933 2252 974 airmaou

282 1002 358 1058 (gl.
383 1001 641 1054 machide..;
674 1002 701 1043 i.
724 1017 759 1044 e.
794 1001 878 1043 loci
905 1015 1087 1057 pugnae,
1121 1003 1199 1055 air,
1223 999 1360 1055 acies)
1382 1000 1436 1056 gl.
1459 998 1581 1052 be.,
1612 999 1895 1054 ircliyatmaou
1925 997 2001 1054 (gl.
2024 997 2148 1054 circi)
2169 997 2250 1042 Ox.

280 1068 362 1122 39²,
390 1070 669 1125 quaroimaou
701 1068 777 1124 (gl.
800 1068 986 1124 theatra)
1009 1069 1091 1111 38⁵.
1160 1068 1211 1110 In
1233 1068 1281 1110 L.
1303 1067 1464 1110 Laud:
1491 1068 1724 1122 poyzzz'sma>
1752 1068 1939 1121 POMWW
1970 1065 2112 1121 (locus
2134 1065 2252 1122 quie·

280 1136 359 1192 tis)
391 1137 485 1188 249,
521 1140 691 1177 servata
721 1141 892 1178 vetusta
923 1137 1167 1191 scriptione,
1201 1136 1277 1178 sed
1309 1136 1454 1177 etiam:
1490 1135 1670 1189 pouisua
1705 1134 1797 1175 149.
1844 1147 2022 1188 aperua,
2056 1125 2254 1189 discynud

280 1204 420 1258 (locus
453 1202 698 1259 adplicandi
728 1202 884 1257 naves)
922 1204 1013 1244 113.
1042 1205 1132 1245 135.
1172 1210 1274 1243 nant
1307 1205 1322 1243 i
1350 1202 1601 1258 yecolchitua,
1630 1201 1872 1255 qnolclzetua
1904 1200 2078 1255 (nomen
2108 1200 2253 1258 vallis)

281 1271 375 1312 ⁶240.
435 1269 474 1312 E
505 1269 644 1313 Mau:
677 1284 807 1312 cerua
839 1270 981 1325 (locus
1012 1270 1186 1325 proelii)
1218 1271 1256 1321 3,
1284 1270 1375 1311 102.
1404 1270 1495 1311 195.
1538 1268 1657 1309 heluo.
1689 1269 1830 1322 (locus
1859 1268 2119 1322 venationis)
2149 1269 2191 1324 2,
2214 1270 2253 1312 7.

277 1339 471 1395 pebyllua
511 1339 652 1393 (locus
681 1339 841 1394 figendi
872 1338 1076 1393 tentoria)
1116 1339 1163 1387 3,
1195 1338 1296 1379 272..
1350 1336 1500 1379 Com:
1553 1343 1690 1391 treyva
1723 1334 1970 1390 (habitatio)
2001 1334 2050 1378 P.
2080 1336 2182 1391 213,
2213 1337 2254 1380 2.

284 1406 494 1448 interdum
536 1420 650 1447 mere
681 1405 922 1447 abstractae
969 1405 1319 1460 significationis,
1363 1403 1553 1447 eiusdem
1589 1403 1677 1445 fere
1716 1402 1837 1445 cuius
1868 1402 1973 1456 -bot,
2011 1410 2059 1446 ut
2095 1404 2253 1448 cambr.

277 1487 306 1527 y
326 1472 403 1513 lla-<-
431 1473 574 1514 lladua
608 1486 725 1514 uawr
755 1472 975 1528 obobporth
1009 1472 1142 1527 (facta
1175 1480 1240 1514 est
1270 1487 1422 1528 magna
1450 1472 1593 1513 caesio
1626 1471 1677 1513 ab
1708 1476 1887 1527 utraque
1915 1470 2058 1526 parte)
2078 1470 2195 1514 Mab.
2214 1471 2253 1525 3,

284 1542 376 1582 195.
428 1540 660 1595 kyuartlcua
693 1556 780 1581 own
812 1540 1009 1595 (latratus
1043 1555 1215 1593 canum,
1247 1540 1350 1583 alibi
1380 1539 1578 1595 legsuartk)
1610 1539 1647 1592 3,
1686 1540 1790 1591 1983
1822 1553 1936 1581 corn.
1967 1539 2149 1595 redeyua
2176 1538 2254 1597 (gl.

281 1607 452 1660 cursus)
484 1606 589 1648 Voc.
615 1609 666 1648 7⁸.
707 1608 801 1648 olum.
835 1607 1123 1662 (lamentatio)
1153 1608 1203 1650 P.
1225 1609 1264 1660 4,
1289 1609 1327 1649 2.
1372 1608 1548 1663 ysetlwa,
1581 1607 1743 1649 asethva
1764 1605 1940 1662 (sessio,
1972 1605 2127 1649 cambr.
2156 1606 2253 1650 hod.

280 1674 528 1727 ezktedtffod)
563 1675 626 1726 13,
657 1676 697 1715 4.
740 1675 832 1727 143,
857 1678 895 1716 4.
943 1676 1069 1728 cofua
1111 1675 1389 1729 (recordatio)
1428 1673 1482 1716 D.
1514 1674 1607 1716 827.
1656 1674 1863 1729 dywetlwa
1895 1673 2037 1728 (finis)
2074 1672 2130 1717 D.
2159 1675 2253 1717 728.

280 1756 465 1796 powesva
496 1742 710 1798 (requies)
742 1741 795 1784 O.
823 1744 915 1784 145.

394 1807 480 1850 Vix
519 1810 726 1851 secedunt
766 1810 818 1852 ab
857 1809 924 1851 his
967 1811 1203 1863 cambriea,
1237 1811 1425 1862 comica,
1472 1810 1707 1852 aremorica
1735 1810 1779 1851 in
1808 1809 1940 1852 MAN
1971 1808 2141 1864 (MEN)
2182 1824 2255 1853 ex-

283 1876 440 1928 euntia,
474 1884 520 1917 ut
551 1876 736 1917 flebo-acm
767 1877 983 1933 (prurigo)
1016 1877 1139 1920 Cath.
1181 1886 1224 1921 et
1254 1879 1451 1934 exempla
1481 1893 1613 1934 supra
1642 1877 1704 1934 (p.
1726 1877 1831 1933 825)
1859 1876 2093 1934 proposita.
2160 1876 2254 1920 Dif-

282 1943 391 1985 ferre
432 1949 572 1985 tamen
605 1944 776 1986 videtur
804 1944 940 1987 MAN
972 1945 1241 1988 subiunctum
1272 1944 1554 1988 substantivis
1596 1951 1638 1987 et
1667 1945 1894 1988 adiectivis
1930 1950 2018 1988 tam
2047 1944 2092 1987 in
2121 1946 2256 1989 nomi-

280 2011 405 2052 nibus
436 2010 664 2053 cambi-icis
689 2011 871 2054 virorum
903 2013 950 2067 (l.
974 2014 1046 2068 c.),
1080 2028 1203 2069 quam
1223 2014 1268 2055 in
1291 2013 1544 2070 quibusdam
1575 2013 1817 2055 nominibus
1839 2013 1994 2066 avium,
2025 2012 2072 2056 in
2101 2013 2255 2071 quibus

280 2093 365 2120 non
405 2078 617 2120 concedas
668 2078 806 2121 locum
845 2082 1058 2124 adiectivo
1097 2095 1197 2121 ‘man
1235 2081 1436 2136 (parvus)
1484 2087 1557 2123 aut
1596 2080 1676 2121 ban
1714 2080 1886 2135 (altus):
1941 2095 2056 2123 corn.
2101 2079 2257 2137 yoluan

283 2146 489 2202 (passer),
523 2145 719 2187 berthum
751 2146 919 2204 (parra)
950 2148 1056 2192 Voc.
1087 2149 1147 2201 8⁶3
1187 2164 1313 2191 arem.
1343 2150 1529 2205 yoluann
1559 2147 1751 2205 (passer)
1783 2146 1906 2192 Cath.
1966 2147 2118 2191 Totum
2154 2162 2255 2192 vero

282 2213 450 2255 differre
480 2219 598 2269 patet
629 2215 785 2256 cambr.
818 2216 979 2270 tylluan
1012 2216 1169 2270 (ulula;
1200 2216 1298 2258 hod.
1321 2215 1516 2271 dylluan)
1547 2214 1663 2257 Mab.
1685 2216 1723 2268 3,
1746 2216 1842 2259 214.

395 2279 566 2324 GUED
600 2281 755 2336 (ywed,
787 2282 934 2336 forma,
969 2284 1140 2335 modus,
1171 2283 1287 2326 Mab.
1312 2284 1349 2335 2,
1373 2284 1440 2325 60.
1474 2284 1511 2335 3,
1536 2283 1574 2324 9.
1618 2297 1672 2338 yr
1700 2298 1758 2324 un
1787 2283 1894 2336 wed,
1937 2282 2086 2326 eodem
2115 2284 2256 2337 modo,

285 2350 320 2399 1,
345 2348 446 2399 2793
487 2347 584 2389 hod.
612 2350 758 2404 ywedd
786 2349 919 2405 fem).
982 2349 1180 2393 Cambr.:
1221 2350 1413 2405 clutyued
1441 2349 1521 2406 (gl.
1554 2350 1713 2405 strues)
1744 2350 1798 2406 gl.
1834 2349 1916 2395 Ox.
1946 2350 2000 2392 9⁸.
2047 2350 2258 2406 onquedau

283 2413 360 2469 (gl.
393 2415 511 2470 exta)
550 2418 633 2457 41⁵.
706 2416 873 2459 Ibidem
913 2418 1127 2460 invenitur
1165 2418 1247 2461 adi.
1289 2417 1422 2460 deriv.
1462 2417 1568 2471 plur.
1599 2419 1920 2474 rinyuedaulion
1957 2417 2035 2475 (gl.
2076 2417 2254 2472 arcana)

282 2482 374 2536 38⁵,
415 2483 522 2538 sing.
561 2484 802 2525 rinwea'awl
840 2486 894 2540 (y
924 2486 1071 2540 dwuyr
1097 2486 1338 2527 rinwedawl
1368 2485 1546 2538 hwmzw,
1579 2500 1690 2542 aqua
1718 2486 1825 2529 haec
1855 2486 2030 2539 arcana)
2069 2483 2187 2528 Mab.
2218 2484 2257 2541 3,

282 2550 377 2603 301,
411 2565 433 2592 e
465 2551 599 2593 subet.
630 2551 788 2591 winwed
819 2551 974 2605 (virtus
1006 2553 1181 2607 arcana)
1213 2552 1500 2608 frequentiore
1520 2552 1691 2607 ibidem,
1722 2552 1820 2596 hod.
1842 2553 2056 2596 rke'nwedd
2085 2553 2152 2610 (nt
2173 2559 2259 2597 tar-

282 2619 397 2659 wedcl
425 2618 722 2661 fermentatio?
753 2618 805 2661 cf.
838 2634 879 2673 p.
902 2620 1018 2674 789).

405 2685 556 2728 Com:
577 2686 767 2741 fynweth
798 2686 939 2741 (finis)
971 2686 1019 2727 P.
1045 2688 1139 2737 212,
1163 2688 1201 2728 4.
1262 2688 1430 2730 Arem.:
1452 2688 1594 2740 finuez
1617 2688 1758 2745 (finis)
1791 2689 1896 2733 Buh.
1919 2691 2074 2744 72,14.
2109 2692 2201 2746 104,
2223 2693 2260 2735 5.

289 2754 378 2805 146,
402 2755 440 2795 5.
478 2754 621 2794 demae
645 2752 781 2807 (dies)
818 2754 908 2803 102,
934 2755 998 2795 18.
1039 2754 1226 2795 bloazuez
1260 2755 1440 2810 (annus)
1462 2756 1558 2808 204,
1582 2758 1647 2798 21.
1695 2758 1853 2799 dannez
1874 2759 2083 2813 (materia,
2115 2759 2260 2816 copia)

297 2821 385 2870 166,
414 2822 475 2862 18.
512 2821 603 2872 172,
626 2821 693 2861 20.
727 2821 822 2872 204,
846 2821 912 2861 20.
964 2821 1034 2864 Ab
1066 2821 1145 2873 his,
1179 2837 1287 2877 quae
1317 2822 1399 2864 huc
1420 2822 1563 2879 potius
1584 2824 1796 2880 pertinere
1829 2827 2025 2869 videntur
2053 2842 2177 2884 quam
2207 2826 2262 2869 ad

281 2896 381 2942 yae:
413 2888 476 2942 (=
506 2888 662 2929 cambr.
689 2887 860 2942 yweitlz,
893 2887 978 2930 bib.
1003 2889 1158 2940 secht),
1207 2890 1494 2944 separandum
1532 2890 1613 2932 erit
1649 2892 1842 2935 adverbii
1880 2894 1975 2936 loco
2013 2900 2261 2950 usurpatum

285 2956 588 3010 quizuiclz'yuez,
624 2954 927 3009 yuyzztyziyves
959 2956 1139 3010 (aperte,
1171 2956 1334 3012 palam)
1363 2957 1473 2999 Buh.
1497 2958 1563 3010 46,
1591 2959 1654 2999 18.
1689 2960 1782 3013 148,
1806 2961 1882 3014 21,
1914 2967 2060 3018 utpote
2091 2962 2260 3005 deriva-

288 3028 372 3061 tum
403 3022 447 3061 in
477 3022 583 3074 -z'fjec
614 3041 655 3054 Ξ-
688 3021 842 3063 cambr.
866 3022 1034 3076 -iqaeth
2279 3078 2281 3080 Ι

400 3087 516 3129 ΒΟΤ
539 3088 669 3142 (esse,
694 3089 828 3129 subst.
852 3095 895 3130 et
914 3088 985 3130 inf.
1010 3090 1131 3131 verbi
1154 3089 1434 3146 substantivi)
1456 3098 1502 3133 ut
1517 3092 1562 3133 in
1577 3093 1802 3136 infinitivis
1824 3109 1954 3151 supra
1969 3096 2031 3153 (p.
2050 3098 2132 3139 575
2144 3095 2259 3153 sqq.)

287 3155 476 3210 prolatis.
538 3155 763 3197 Vetustius
796 3155 1036 3210 exemplum
1067 3159 1245 3200 cambr.:
1280 3159 1353 3213 leeg)
1386 3161 1636 3215 (mv-gmaubot
1665 3161 1741 3217 (gl.
1774 3162 1866 3205 sine
1888 3163 2050 3220 mente)
2071 3163 2152 3208 Ox.
2177 3164 2258 3215 38⁵,

288 3222 518 3263 Hodiern.:
549 3223 777 3275 ez'scecldsbd
808 3222 982 3276 (sessio,
1017 3227 1308 3279 congressus).

399 3288 584 3331 RWYD
617 3288 733 3341 (hod.
757 3291 925 3344 -rwydd
956 3305 1098 3343 masc„
1133 3298 1251 3334 extra
1281 3295 1633 3349 compositionem
1665 3297 1800 3340 solum
1822 3298 1904 3342 adi.
1929 3299 2114 3354 rhwycld,
2136 3300 2256 3355 liber,

296 3363 440 3411 aptus3
474 3356 524 3396 cf.
549 3355 633 3396 hib.
657 3356 770 3406 -rao',
793 3356 908 3410 4003)
933 3371 955 3398 e
978 3359 1200 3401 cambricis
1225 3360 1503 3404 substantivis
1524 3363 1594 3405 vel
1613 3364 1836 3407 adiectivis
1859 3366 2010 3409 format
2027 3367 2259 3412 abstractaz

285 3424 470 3478 gmdyscu
499 3436 605 3463 moes
643 3438 693 3464 ae
723 3436 850 3463 aruer
885 3438 914 3479 y
940 3426 1158 3480 ywladoed
1195 3440 1243 3468 ae
1271 3431 1546 3487 mynucrwgyd.
1584 3431 1898 3491 lcyuartalrwyd
1928 3449 1982 3483 *ac
2011 3434 2257 3492 adfwgynder
