2336 3736
555 258 631 302 VI.
662 261 701 303 2.
751 271 1068 307 cons'rnuc‘rxo
1098 275 1291 306 pomos
1322 275 1581 307 Hmsnmca.
1723 267 1814 307 (917-
1829 268 1909 308 918)
1953 267 2035 310 939

80 381 382 423 consonantiae
417 383 567 426 eodem
597 383 737 436 modo,
769 397 852 439 quo
883 385 1149 439 monosticha
1169 386 1421 430 Columbani
1442 386 1625 430 Hiberni
1655 403 1752 430 mox
1771 388 2035 444 proferenda,

80 446 325 490 hexametro
362 449 493 492 latino
524 450 778 506 composita,
810 452 1092 494 consonantia
1123 459 1290 496 vetusta
1318 453 1539 496 hibernica
1566 453 1714 496 induta
1743 462 1852 498 sunt.
1921 454 2036 498 Con-

79 514 198 558 traho
228 515 298 557 hic
328 516 596 572 stropharum
626 522 855 573 quaternos
886 519 1121 561 versiculos
1151 519 1462 563 hibernicorum
1494 520 1687 563 codicum
1725 537 1839 565 more
1869 523 1914 564 in
1943 538 2036 565 ver-

81 597 154 625 sus
185 582 329 635 binos,
369 598 543 639 quorum
582 583 751 639 singula
787 583 1056 627 hemistichia
1095 593 1195 628 sunt
1232 594 1477 629 octonarum
1518 586 1792 643 syllabarum,
1831 595 1874 631 et
1912 589 2036 645 signo

79 649 418 692 allitterationem
447 650 638 703 lineolis,
669 649 821 692 litteris
852 649 1068 695 inclinatis
1107 653 1430 696 consonantiam
1465 653 1655 707 finalem,
1694 661 1740 696 ut
1777 655 1822 697 in
1863 656 2035 698 exordio

80 716 224 773 hymni
254 724 507 773 martyrum:

446 795 618 833 Aeterna
645 793 789 832 Christi
810 801 814 847 1
836 808 996 835 munera
1011 808 1026 853 11
1042 804 1081 836 et
1101 804 1108 851 1
1127 801 1344 849 martyrum
1370 798 1563 847 victorias,

452 856 626 910 1Laudes
655 857 817 895 ferentes
845 858 1006 908 debitas,
1026 862 1060 909 111
1083 861 1194 899 laetis
1221 873 1400 898 canamus
1426 861 1630 908 mentibus,

449 918 456 962 1
477 918 739 957 Ecclesiarum
765 920 966 970 principes,
984 919 998 963 11
1017 922 1108 959 belli
1135 922 1385 972 triumphales
1412 922 1536 970 duom,

449 980 638 1019 Caelestis
660 985 667 1029 1
686 981 796 1019 aulae
818 980 825 1030 1
842 982 993 1031 milites,
1012 988 1022 1031 11
1041 988 1080 1022 et
1105 997 1199 1022 vera
1218 989 1224 1035 1
1245 985 1379 1022 mundi
1405 984 1566 1031 lumina,

451 1043 612 1080 Terrore
640 1044 741 1081 victo
762 1043 768 1089 1
790 1044 932 1082 saeculi
946 1049 962 1093 11
983 1045 987 1092 Ι
1010 1050 1224 1097 spretisque
1245 1045 1252 1092 1
1272 1049 1405 1097 poenis
1432 1049 1598 1096 corporis

448 1105 582 1142 Mortis
605 1105 612 1150 1
631 1117 762 1143 sacrae
789 1104 1030 1157 comlpendio
1045 1116 1060 1160 11
1078 1108 1194 1146 vitam
1224 1103 1373 1147 beatam
1393 1107 1398 1152 1
1419 1108 1643 1159 poslsident.

191 1178 497 1236 Monosyllaba
532 1185 694 1222 tantum
733 1181 1015 1224 consonantia
1053 1182 1216 1235 finalis,
1264 1197 1397 1240 eaque
1434 1182 1621 1226 lateralis
1653 1190 1695 1225 et
1725 1185 1938 1241 dispersa,
1968 1184 2039 1226 vix

76 1247 378 1303 contraposita,
412 1247 627 1289 invenitur
655 1248 700 1289 in
730 1248 812 1291 hoc
840 1248 998 1305 hymno
1029 1247 1202 1303 (octavo
1233 1249 1433 1292 editionis
1462 1249 1624 1294 Bened.
1646 1252 1684 1306 2,
1714 1267 1761 1307 p.·
1790 1251 1930 1306 1222),
1963 1251 2038 1294 sed

75 1314 212 1358 eidem
241 1314 457 1371 bisyllaba
484 1314 668 1357 admista
699 1322 764 1358 est
793 1316 839 1358 in
868 1315 972 1359 noni
1003 1315 1199 1358 exordio:

397 1392 404 1437 Ι
424 1392 565 1431 Somno
593 1394 746 1432 refectis
774 1395 930 1432 artubus
949 1403 963 1448 11
983 1402 987 1447 1
1009 1398 1140 1443 spreto
1169 1394 1286 1432 cubili
1307 1403 1311 1447 1
1334 1398 1533 1446 surgimus,

394 1454 529 1503 Nobis,
550 1461 554 1506 1
575 1460 697 1505 pater,
728 1456 955 1496 canentibus
973 1463 987 1507 11
1004 1456 1141 1494 adesse
1167 1461 1206 1495 te
1233 1458 1490 1508 delposcimus.

396 1526 400 1568 1
422 1517 477 1555 Te
504 1517 637 1568 lingua
665 1519 831 1569 primum
858 1519 1045 1566 concinat,
1073 1519 1084 1564 11
1106 1520 1109 1563 1
1132 1523 1170 1557 te
1198 1519 1340 1557 mentis
1361 1526 1365 1571 1
1387 1520 1501 1557 ardor
1521 1529 1528 1574 1
1548 1522 1704 1569 ambiat,

394 1578 447 1617 Ut
475 1584 629 1618 actuum
651 1587 656 1636 1
678 1585 918 1632 sequentium
935 1589 948 1638 11
965 1585 1021 1629 tu,
1051 1586 1221 1632 manete,
1251 1583 1303 1619 sis
1331 1583 1539 1621 exordium.

188 1654 485 1698 Consonantia
523 1661 587 1697 est
624 1655 696 1698 hic
733 1656 999 1712 copulativa,
1041 1671 1175 1711 eaque
1213 1656 1390 1712 duplex,
1418 1659 1461 1698 in
1491 1657 1628 1713 prima
1657 1657 1842 1713 stropha,
1874 1664 2039 1699 contra-

74 1722 217 1778 posita
236 1722 279 1763 in
303 1721 503 1763 secunda.
556 1720 847 1765 Consonantia
873 1723 1015 1765 finalis
1048 1722 1260 1779 bisyllaba
1288 1723 1333 1764 in
1355 1723 1451 1765 aliis
1473 1723 1656 1779 hymnis,
1688 1739 1864 1780 quorum
1894 1730 2042 1767 auctor

72 1789 377 1832 vetustissimis
415 1788 672 1832 testimoniis
707 1789 953 1847 perhibetur
989 1790 1244 1833 Ambrosius
1276 1790 1349 1844 (cf,
1381 1790 1590 1840 editorum
1627 1790 1960 1834 admonitionem
1992 1791 2037 1833 in

71 1856 286 1913 hymnos),
317 1863 364 1899 ut
392 1857 437 1899 in
468 1857 590 1914 primi
623 1857 798 1913 stropha
829 1863 969 1899 sexta:

467 1934 580 1973 Gallo
607 1939 766 1973 canente
786 1944 793 1988 1
814 1947 903 1985 spes
929 1934 1043 1983 redit,
1065 1943 1077 1986 11
1095 1937 1223 1986 aegris
1245 1944 1249 1989 1
1272 1936 1376 1974 salus
1401 1935 1628 1984 refunditur,

469 1997 601 2036 Mucro
623 2006 626 2051 1
648 1997 809 2036 latronis
836 1995 1023 2044 conditur,
1041 2005 1052 2052 11
1074 2001 1078 2047 1
1099 1999 1220 2050 lapsis
1245 1998 1342 2037 fides
1369 2001 1586 2037 revertitur.

182 2072 299 2125 Quin
335 2071 580 2129 trisyllabae
617 2071 925 2115 consonantiae
966 2079 1007 2114 et
1043 2073 1187 2117 finalis
1224 2081 1268 2116 et
1303 2073 1473 2116 mediae
1502 2080 1602 2116 sunt
1631 2071 1827 2129 exempla
1862 2071 1935 2114 vel.
1962 2086 2036 2114 ve-

72 2140 213 2197 stigia,
245 2145 296 2182 ut
321 2139 366 2182 in
398 2138 536 2195 quarti
567 2140 756 2182 secunda
786 2138 980 2194 stropha:

392 2217 480 2257 Non
507 2229 555 2262 ex
582 2217 688 2256 virili
708 2219 712 2263 1
732 2221 875 2263 semine,
900 2226 914 2271 11
932 2218 1002 2256 sed
1027 2220 1191 2270 mystico
1214 2226 1217 2269 1
1239 2218 1442 2268 spiramine

391 2281 397 2325 1
426 2280 595 2319 Verbum
621 2279 686 2317 dei
707 2279 711 2323 1
731 2279 871 2318 factum
897 2280 1011 2326 caroli
1033 2280 1037 2325 1
1058 2281 1281 2331 fructusque
1303 2280 1306 2323 Ι
1329 2281 1476 2319 ventris
1497 2280 1502 2325 1
1522 2278 1662 2318 floruit.

74 2379 350 2388 -——-.-.—-—

476 2420 578 2456 Come
599 2424 603 2459 1
625 2420 842 2461 serenatam]
864 2420 997 2466 duplici
1018 2425 1023 2461 1
1046 2423 1237 2458 diademate
1258 2423 1262 2460 1
1284 2421 1424 2456 frontem

471 2464 476 2502 1
511 2467 611 2502 Serta
632 2468 637 2508 1
657 2466 775 2507 ferens,
801 2476 890 2518 quae
912 2476 917 2505 1
939 2467 1029 2502 dona
1055 2470 1164 2513 togae,
1190 2477 1278 2512 quae
1299 2470 1303 2506 1
1325 2469 1477 2511 praemia
1496 2469 1503 2510 1
1522 2477 1670 2512 pugnae.

477 2511 482 2554 1
510 2511 671 2592 {ollandi
689 2512 694 2553 1
715 2511 881 2559 fandzque
901 2515 907 2554 1
927 2515 1046 2558 potem
1075 2516 1265 2558 Anguem,
1291 2512 1452 2548 honorem

541 2558 572 2592 is
596 2559 715 2592 meret.

73 2605 111 2639 In
137 2605 300 2648 ampliore
332 2558 485 2638 distichil
505 2604 558 2637 vel
582 2603 727 2636 duorum
758 2602 1034 2638 hexametrorum
1058 2604 1191 2638 ambitu
1224 2602 1422 2638 allitteratio
1452 2604 1515 2638 etsi
1542 2604 1600 2637 vix
1624 2603 1738 2644 abest,
1764 2602 1943 2647 quoniam,
1968 2601 2031 2635 ubi

71 2660 140 2684 non
164 2646 248 2684 sunt
271 2649 339 2683 duo
368 2648 421 2682 vel
446 2649 513 2682 tria
542 2648 708 2682 vocabula
739 2647 901 2682 inchoata
930 2648 1047 2684 eadem
1072 2659 1241 2690 consona,
1272 2658 1345 2684 esse
1370 2651 1487 2684 tamen
1511 2650 1657 2692 possunt
1689 2648 1831 2682 totidem
1857 2646 2034 2682 vocalibus

71 2696 238 2736 inchoata,
265 2695 442 2739 quaeritur
468 2696 592 2735 tamen,
617 2705 662 2728 an
677 2693 850 2727 interdum
867 2694 1056 2729 aclassicis
1080 2695 1190 2738 poetis
1213 2694 1346 2735 latinis,
1372 2695 1464 2729 haud
1489 2695 1617 2739 ignaris
1642 2694 1781 2728 celticae
1807 2693 1899 2727 illius
1925 2695 2034 2727 struc-

72 2743 179 2781 turae,
206 2741 362 2775 consulto
385 2739 600 2783 frequentius
624 2739 738 2784 posita
762 2739 818 2779 sit,
843 2742 884 2773 ut
908 2740 951 2774 ab
976 2740 1096 2775 Ovidio
1120 2741 1158 2774 in
1181 2741 1295 2775 Amor.
1323 2745 1353 2780 1,
1379 2742 1409 2774 5.
1436 2745 1466 2775 1.
1493 2744 1531 2772 2:

480 2785 605 2819 Aestus
629 2786 712 2826 erat,
742 2787 747 2824 1
769 2785 988 2830 mediamque
1011 2786 1084 2819 dies
1109 2788 1267 2830 exegerat
1290 2786 1419 2826 horam,

522 2829 679 2875 Apposui
701 2833 706 2872 1
726 2829 837 2864 medio
857 2830 863 2873 1
884 2831 1037 2865 membra
1061 2831 1206 2865 levanda
1230 2834 1313 2866 toro.

342 2876 389 2910 Et
412 2874 540 2910 ibidem
565 2878 596 2910 9.
626 2880 684 2910 10:
1088 2904 1091 2907 .

478 2919 567 2954 Ecce
587 2921 592 2964 1
614 2920 764 2956 Corinna
786 2920 892 2962 venit,
921 2920 928 2965 1
952 2921 1072 2956 tunica
1095 2921 1207 2956 velata
1231 2922 1404 2963 recincta,

543 2966 550 3010 1
571 2965 724 3001 Candida
747 2965 887 3001 dividua
907 2966 913 3010 1
933 2967 1021 3001 colla
1044 2969 1181 3012 tegente
1204 2971 1209 3009 1
1231 2977 1337 3002 coma.

345 3011 403 3046 Vel
429 3022 450 3045 a
473 3011 613 3046 Lucano
637 3012 675 3046 in
699 3011 838 3046 exordio
860 3011 1080 3046 Pharsaliae:

477 3056 573 3091 Bella
596 3068 656 3102 per
683 3057 860 3091 Emathios
884 3058 962 3102 plus
988 3068 1092 3111 quam
1114 3058 1119 3101 1
1140 3059 1255 3093 civilia
1275 3059 1280 3100 1
1303 3068 1443 3104 campos

475 3102 603 3147 Iusque
626 3103 746 3145 datum
769 3102 889 3137 sceleri
909 3103 915 3147 1
936 3113 1103 3145 canimus,
1132 3104 1138 3147 1
1158 3104 1397 3149 populumque
1417 3104 1422 3147 1
1444 3106 1618 3149 potentem

478 3147 518 3181 In
542 3158 606 3181 sua
626 3149 632 3190 1
653 3149 785 3182 victrici
810 3146 1047 3191 eonlversum}
1072 3150 1200 3184 viscera
1223 3150 1356 3191 dextra,

479 3192 718 3274 Cognatasque
741 3194 844 3234 acies,
869 3196 904 3228 et
922 3194 928 3237 1
949 3196 1053 3239 rupto
1077 3195 1207 3230 foedere
1229 3199 1233 3233 1
1254 3195 1352 3241 regni

479 3238 519 3319 111
537 3241 692 3274 ertatum
717 3239 798 3277 totis
819 3238 825 3282 Ι
845 3238 1015 3282 conlcussi
1040 3241 1170 3275 viribus
1194 3242 1286 3276 orbis

540 3284 546 3327 1
567 3294 746 3319 commune
769 3284 875 3326 nefas,
898 3285 1100 3330 infestisque
1123 3287 1225 3321 obvia
1245 3287 1250 3329 1
1271 3288 1380 3332 signis

480 3328 486 3373 1
514 3329 630 3375 Signa,
654 3340 755 3375 pares
779 3331 913 3375 aquilas
936 3333 970 3365 et
991 3331 997 3374 1
1017 3332 1089 3375 pila
1112 3333 1282 3367 minantia
1303 3334 1309 3375 1
1330 3333 1422 3378 pilis.

76 3373 262 3453 Elim-{ium
295 3378 411 3410 autem
445 3378 480 3411 et
509 3374 612 3411 finem
643 3376 806 3412 carminis
838 3376 959 3420 poetae
992 3377 1117 3412 vetusti
1148 3381 1218 3412 tam
1250 3378 1394 3413 Hiberni
1425 3389 1529 3424 quam
1561 3375 1699 3414 cambri
1732 3377 1839 3422 magis
1869 3387 2033 3413 exornare

74 3428 110 3454 so
125 3429 168 3454 en
187 3446 196 3455 .
800 3450 803 3452 ,
