2336 3736
223 233 308 276 574
348 234 441 275 (544.
461 233 540 272 545)
831 230 914 273 111.
945 231 985 273 2.
1030 242 1178 273 VERBA
1207 243 1325 291 narr.
1358 243 1591 274 ANOMALA.

336 354 459 400 Oonj.
482 354 591 409 sing.
618 356 653 395 1.
676 367 811 409 pers.:
842 368 928 409 yny
948 355 1135 409 wypwyf
1147 354 1308 410 (donec
1329 355 1442 410 scio)
1463 354 1579 397 Mab.
1599 355 1641 408 -1,
1665 355 1759 397 253.
1783 355 1822 408 2,
1844 354 1911 397 54.
1947 354 2132 410 kymeint
2149 368 2200 397 ac

224 439 250 465 a
271 422 456 478 mquyfi
475 422 660 475 (tantum
681 427 888 476 quantum
911 436 989 477 ego
1011 421 1123 473 scio;
1147 422 1171 462 i.
1196 437 1232 464 e.
1253 423 1493 478 wyd-pwys,
1515 419 1769 477 wyd-bwyf)
1795 424 1830 475 1,
1852 422 1948 466 288.
1998 421 2038 464 2.
2061 435 2195 477 peis:

219 506 304 546 yny
336 490 386 531 lle
412 503 537 544 φονέα
578 504 605 528 a
634 489 804 543 wypyck
835 488 901 543 (in
932 489 1026 531 loco
1059 488 1218 544 optimo
1250 504 1374 545 quem
1408 487 1542 543 scies)
1574 489 1613 541 2,
1636 489 1704 530 43.
1749 489 1931 544 benpych
1956 487 2075 544 qwell
2103 487 2198 542 (va-

222 558 313 600 leas
343 556 516 607 melius3
555 555 735 598 formula
765 556 1000 609 salutandi)
1031 557 1072 608 2,
1105 557 1144 600 6.
1175 557 1242 597 55.
1270 554 1368 598 219.
1408 557 1446 608 3,
1470 557 1535 598 92.
1605 558 1642 597 3.
1674 570 1806 611 pers:
1850 555 1932 611 pob
1961 555 2118 598 aniueil
2153 569 2200 596 or

226 625 436 681 aqyfarffo
485 639 535 665 ac
571 624 615 675 {ff
656 623 866 679 (quodvis
914 623 1069 665 animal
1114 638 1295 678 quocum
1342 623 1612 678 convenerit)
1652 626 1689 670 1,
1719 624 1815 664 293.
1867 623 2011 678 ριυεάῃ
2052 621 2200 676 darffo

223 693 357 733 ‘aduret
387 692 635 747 (postquam
666 691 899 747 perfectum
933 691 1012 733 erit
1041 692 1108 742 iis,
1140 707 1183 748 p.
1206 690 1481 746 perfecerint)
1514 691 1550 742 3,
1576 688 1671 732 302.
1716 705 1766 731 ac
1794 704 1848 745 ny
1882 690 1962 746 byd
1989 706 2047 733 un
2078 691 2199 734 elaten

227 774 278 801 ar
306 774 333 814 y
360 772 494 813 prenn
525 774 580 814 ny
610 760 746 814 darffo
784 775 837 814 μ’·
863 766 1005 814 qen-wat
1034 773 1082 798 en
1113 761 1234 815 dwyn
1266 761 1424 815 (neque
1456 757 1538 800 erit
1566 772 1695 798 unum
1716 757 1866 799 solium
1893 757 1940 800 in
1963 751 2123 811 arbore,
2155 763 2202 799 ut

225 841 308 867 non
342 825 567 881 peffecerit
595 832 828 883 tempestas
861 842 1003 868 eorum
1035 826 1316 880 ablationem)
1351 829 1385 879 1,
1410 827 1448 868 8.
1496 841 1551 879 ny
1580 839 1675 866 wrm
1704 826 1722 865 ι’
1748 825 1825 866 πρὸ
1855 841 1904 866 ae
1930 839 2074 882 Ιιγωᾈφο
2105 824 2199 882 (ne-

226 893 316 935 scio
347 908 600 949 quemquam
633 895 706 949 qui
735 892 780 935 id
812 895 938 950 sciat)
980 895 1018 946 2,
1043 894 1138 935 234.
1188 909 1279 935 aoes
1308 893 1528 935 ohonawclz
1559 891 1663 933 oli-wi
1690 894 1885 949 ccadnapo
1919 908 1949 949 y
1978 894 2201 950 uarckoyes

224 975 344 1002 ‘rac-co
376 955 518 1015 (estne
550 976 573 1002 e
592 962 717 1004 vobis
749 962 821 1017 qui
852 961 966 1004 norit
993 962 1108 1004 illam
1141 962 1357 1006 mulierem
1389 961 1669 1017 equitantem)
1693 960 1729 1012 3,
1759 963 1820 1002 16.
1861 975 1911 1002 ac
1931 975 1987 1016 ny
2008 959 2208 1018 theb-was

226 1043 273 1068 or
302 1029 422 1069 niueo·
451 1028 543 1069 lcum
574 1028 630 1069 oll
657 1028 732 1070 neb
761 1037 834 1084 πμ
863 1031 1058 1085 adnappo
1089 1038 1155 1071 vot
1180 1044 1209 1085 y
1230 1030 1326 1072 mab
1351 1045 1409 1086 yn
1439 1028 1522 1070 uab
1547 1028 1678 1084 pwgsll
1707 1027 1807 1082 (nec
1829 1028 1982 1084 opinor
2012 1043 2065 1071 ex
2086 1027 2202 1070 omni

227 1096 306 1137 hac
336 1095 604 1138 multitudine
635 1111 888 1153 quemquam
918 1112 1004 1139 non
1036 1098 1325 1153 cogniturum,
1362 1112 1541 1153 puerum
1573 1110 1670 1138 esse
1699 1096 1836 1138 filium
1865 1095 1937 1150 P.)
1978 1096 2016 1148 3,
2039 1096 2108 1138 24.
2155 1110 2202 1137 or

227 1164 380 1218 brenyn
412 1163 557 1218 byeufo
586 1164 684 1219 ellys
715 1163 762 1217 (a
782 1179 881 1219 rege
913 1165 984 1221 qui
1015 1165 1236 1221 possideat
1256 1164 1437 1220 curiam)
1459 1164 1564 1220 Leg.
1590 1166 1625 1217 1,
1653 1165 1715 1216 14,
1739 1166 1777 1205 5.
1823 1178 1894 1205 ene
1916 1162 2072 1219 pyeufo
2102 1162 2200 1218 (do-

227 1246 307 1273 nec
338 1231 401 1286 p.)
446 1234 480 1283 1,
508 1234 570 1284 17,
595 1233 634 1273 6.
692 1230 808 1274 Plur.
845 1235 880 1273 1.
911 1247 1046 1288 pers:
1082 1248 1137 1287 yr
1160 1233 1365 1288 ymdidan
1392 1247 1519 1288 qoreu
1550 1249 1576 1275 a
1603 1231 1763 1288 'wypom
1793 1232 1946 1272 nimzeu
1975 1232 2023 1272 ni
2048 1244 2096 1271 ae
2125 1231 2202 1286 dy-

228 1300 378 1340 wedwn
411 1300 477 1339 icti
507 1298 812 1352 (narrationem
845 1300 1063 1355 optimam,
1098 1316 1225 1357 quam
1253 1301 1437 1343 sciemus
1467 1315 1568 1354 nos,
1601 1300 1792 1343 dicemus
1823 1314 1914 1342 eam
1945 1298 2043 1354 tibi)
2083 1294 2200 1341 Mab.

232 1371 268 1420 1,
299 1367 335 1407 2.
399 1367 435 1407 3.
466 1381 597 1421 pers:
639 1367 822 1422 eqladoet
852 1369 1172 1423 aclaaruarjbent.
1202 1383 1252 1410 ac
1281 1382 1415 1410 aruon
1447 1368 1666 1424 (regiones
1698 1382 1808 1423 quae
1838 1366 2090 1422 contingunt
2118 1366 2221 1417 Ar—v

229 1434 420 1487 boniam)
451 1433 556 1489 Leg.
580 1435 619 1487 2,
643 1435 681 1485 2,
706 1437 742 1476 1.

342 1502 488 1544 Praes.
522 1516 607 1544 sec.
641 1503 751 1558 sing.
787 1506 821 1545 1.
853 1518 988 1559 pers:
1015 1504 1089 1556 pei
1112 1518 1327 1560 ynvypwn.
1347 1536 1357 1545 .
1376 1537 1385 1546 .
1409 1505 1469 1545 mi
1497 1520 1522 1545 a
1541 1506 1813 1559 ymdz'danwn
1844 1504 1904 1560 (si
1935 1502 2092 1546 scirem
2122 1517 2202 1559 ego

228 1585 462 1621 narrare1n3
495 1589 539 1604 =
555 1571 805 1625 mayel-pum,
837 1571 969 1625 dmm)
1000 1569 1116 1613 Mab.
1144 1575 1178 1624 1,
1202 1572 1298 1614 260.
1340 1573 1413 1628 pei
1440 1584 1671 1628 asqupwn
1699 1573 1761 1613 ‘mi
1787 1572 2047 1626 aedywedwn
2078 1569 2137 1625 (si
2157 1569 2204 1612 id

228 1639 402 1690 scirem,
444 1652 524 1692 ego
555 1637 598 1678 id
631 1638 836 1694 dicerem)
869 1640 906 1692 2,
930 1639 1024 1681 233.
1094 1637 1132 1682 2.
1165 1655 1298 1699 pers:
1339 1640 1414 1696 pei
1444 1648 1612 1696 ywyput
1650 1648 1721 1694 ayt
1751 1639 1923 1682 eistedut
1962 1639 2022 1695 (si
2053 1637 2202 1691 scires,

227 1724 314 1751 non
347 1705 543 1761 sederes)
578 1706 614 1759 1,
638 1709 733 1750 286.
794 1708 832 1750 3.
865 1722 999 1764 pers:
1033 1723 1068 1749 a.
1100 1722 1148 1749 or
1176 1708 1387 1764 lcyuarffei
1411 1724 1439 1763 y
1458 1710 1601 1764 ywynt
1631 1707 1688 1762 (si
1711 1707 1998 1750 conveniebat
2026 1704 2202 1760 ventus)

229 1779 267 1829 3,
296 1775 391 1818 299.
443 1788 528 1835 yny
569 1778 722 1835 dar-ffei
763 1791 792 1831 y
829 1783 978 1831 vwgstta
1018 1775 1176 1830 (donec
1214 1776 1336 1818 finita
1374 1783 1490 1818 esset
1529 1775 1656 1829 cena)
1694 1776 1733 1828 3,
1765 1773 1860 1817 273.
1912 1775 1986 1830 pei
2014 1775 2206 1830 ywyppei

229 1862 258 1902 y
289 1843 522 1892 marchawc
551 1850 708 1890 Ιιωπηω
737 1846 875 1900 kynny
901 1845 1049 1899 ydeuei
1076 1844 1147 1899 ylla
1178 1843 1380 1898 amdiffgm
1420 1843 1480 1898 (si
1511 1843 1642 1885 sciret
1678 1842 1760 1885 iste
1792 1856 1924 1899 eques
1955 1840 2091 1895 istud,
2129 1855 2204 1884 ve-

231 1916 344 1958 niret
374 1918 428 1959 ad
457 1925 499 1960 te
530 1911 815 1967 liberandam)
849 1914 883 1964 1,
908 1912 974 1953 32.
1031 1928 1057 1953 a
1086 1912 1218 1967 wypec'
1245 1911 1332 1952 dim
1372 1910 1448 1965 (an
1479 1910 1588 1953 sciat
1617 1910 1800 1968 aliquid)
1840 1912 1876 1964 1,
1914 1909 1977 1951 10.
2024 1916 2097 1964 nyt
2126 1909 2207 1950 oed

234 1986 317 2040 dyn
346 1986 560 2042 aadnapei
594 1999 622 2039 y
649 1982 753 2038 qerd
788 1981 920 2021 bonno
959 1979 1066 2032 (non
1098 1985 1188 2021 erat
1216 1978 1341 2021 homo
1380 1978 1453 2036 qui
1483 1978 1760 2034 cognovisset
1799 1983 1967 2020 cantum
1995 1975 2130 2031 hunc)
2164 1976 2203 2030 2,

234 2052 329 2096 391.
368 2056 441 2109 pei
469 2052 625 2107 Icanffei
650 2049 739 2090 well
769 2048 829 2103 (si
849 2047 1003 2091 melius
1035 2062 1081 2089 se
1102 2046 1299 2101 haberet)
1331 2047 1368 2098 2,
1392 2047 1486 2088 240.
1530 2045 1723 2102 yhfuybod
1744 2059 1835 2100 puy
1867 2045 2036 2100 byeufey
2066 2042 2207 2085 eblaen

234 2121 310 2175 (ad
331 2121 553 2163 sciendum
575 2119 670 2176 quis
692 2117 933 2174 possideret
953 2117 1141 2173 ipsorum
1164 2114 1426 2169 ductionem)
1444 2113 1547 2169 Leg.
1571 2114 1610 2166 2,
1629 2114 1667 2166 2,
1690 2115 1726 2155 1.
1773 2113 1813 2155 b.
1841 2113 1912 2167 pei
1930 2114 1990 2154 mi
2008 2128 2034 2154 α
2053 2118 2207 2153 ωαεοιιι

235 2190 342 2244 uelly
381 2204 435 2244 ny
474 2188 648 2243 oruydei
684 2201 736 2228 ar
765 2185 877 2227 arall
912 2184 1006 2241 vytk
1042 2184 1139 2225 ‘rodi
1169 2198 1197 2238 y
1233 2182 1345 2223 83¹1·ch
1376 2182 1514 2236 arnas
1546 2180 1606 2236 (si
1636 2196 1702 2223 me
1732 2180 1969 2236 pressisses
1999 2178 2079 2233 ita,
2119 2193 2206 2221 non

237 2256 522 2312 superfuisset
562 2254 635 2296 alii
676 2254 873 2309 cuiquam
913 2257 1078 2294 vertere
1118 2265 1299 2292 amorem
1341 2264 1463 2291 suum
1501 2250 1547 2291 in
1576 2249 1665 2304 me)
1706 2247 1823 2290 Mab.
1855 2247 1893 2301 2,
1924 2247 2019 2289 217.
2072 2261 2121 2289 ac
2149 2260 2205 2301 ny

236 2324 429 2380 wybydei
457 2322 531 2364 neb
560 2323 707 2378 urzyeir
737 2324 837 2374 (nec
859 2320 1023 2363 sciebat
1052 2318 1275 2375 quisquam
1306 2317 1435 2359 ullum
1456 2317 1652 2371 verbum)
1675 2318 1712 2370 3,
1734 2317 1802 2358 30.
1861 2314 1977 2358 Plur.
2009 2314 2047 2357 3.
2068 2327 2204 2371 pers.:

234 2393 413 2448 lcymeint
443 2392 517 2433 oed
546 2405 593 2431 eu
621 2388 777 2446 qubot
806 2403 856 2429 ac
885 2395 958 2429 nat
988 2388 1062 2428 oed
1088 2386 1363 2440 ymadrawd.
1385 2419 1393 2427 .
1412 2419 1421 2427 .
1443 2400 1517 2441 nys
1543 2392 1740 2440 ywypynt
1769 2384 1908 2439 (tanta
1938 2388 2029 2424 erat
2060 2395 2204 2424 eorum

242 2459 435 2511 scientia,
466 2465 513 2499 ut
542 2473 626 2500 non
659 2463 775 2499 esset
805 2455 1075 2511 colloquium,
1095 2486 1103 2495 .
1124 2486 1159 2497 ..
1183 2452 1296 2508 quod
1328 2451 1565 2507 nescirent)
1596 2451 1634 2504 3,
1653 2452 1749 2494 299.

348 2526 519 2568 Praet.
550 2524 671 2581 prim.
705 2525 814 2579 sing.
849 2525 884 2565 1.
906 2537 1039 2579 pers:
1069 2534 1157 2575 pan
1183 2533 1424 2575 yyuaruum
1450 2521 1640 2576 yysseuin
1671 2521 1811 2561 cimam
1836 2532 1864 2574 y
1884 2532 2053 2575 uorwyn
2072 2517 2206 2560 honno

236 2594 353 2650 (cum
374 2593 560 2651 primum
579 2591 761 2636 conveni
781 2598 956 2633 matrem
977 2587 1144 2645 puellae
1165 2586 1302 2641 illius)
1324 2586 1441 2630 Mab.
1464 2589 1502 2640 2,
1526 2587 1621 2629 222.
1659 2585 1779 2642 kyscu
1809 2583 2070 2627 awneuthum
2097 2585 2116 2625 i
2133 2582 2208 2626 καί

236 2662 483 2718 nawybuum
511 2674 598 2714 pan
629 2659 719 2700 aeth
750 2658 799 2713 ef
820 2656 1022 2713 (dormivi
1054 2670 1146 2711 egO,
1179 2660 1226 2696 ut
1254 2654 1493 2708 nescierim,
1525 2670 1620 2698 cum
1648 2653 1755 2697 abiit
1783 2651 1878 2708 ille)
1909 2652 1947 2705 2,
1970 2652 2008 2694 9.
2048 2651 2110 2692 mi
2136 2651 2207 2692 ath

237 2729 479 2772 adnabuum
505 2741 623 2782 pann
650 2726 723 2782 yth
749 2726 880 2767 «meleis
907 2723 1065 2781 qyntaf
1083 2736 1247 2778 yymzeu
1278 2722 1378 2778 (ego
1409 2722 1592 2778 cognovi
1621 2727 1676 2775 te,
1708 2735 1803 2763 cum
1832 2718 2015 2776 primum
2045 2725 2087 2761 te
2116 2717 2207 2761 vidi

239 2797 384 2853 antea)
406 2797 446 2850 2,
469 2796 508 2837 9.
570 2795 607 2837 2.
639 2807 772 2850 pers:
802 2798 997 2849 qoruuost
1017 2790 1064 2831 di
1092 2788 1349 2845 (superasti)
1383 2791 1418 2843 1,
1442 2790 1538 2832 259.
1599 2789 1637 2831 3.
1669 2802 1804 2845 pers:
1829 2796 1922 2843 pan
1943 2786 2058 2842 ἄρτια
2087 2784 2207 2842 (cum

239 2861 615 2923 appropinquavit)
646 2861 685 2913 2,
712 2860 804 2902 197.
851 2874 900 2901 ac
928 2861 993 2914 ny
1012 2858 1109 2911 orsu
1140 2857 1204 2912 (et
1232 2871 1320 2899 non
1351 2856 1551 2913 perfecit)
1585 2858 1621 2909 1,
1645 2856 1711 2898 24.
1757 2854 1849 2896 atla·
1878 2869 1905 2895 a
1932 2867 2037 2895 ormo
2067 2852 2131 2908 (et
2159 2859 2207 2895 tu

239 2933 401 2985 vicisti;
432 2930 625 2988 impers.)
652 2931 687 2982 1,
708 2928 774 2970 25,
818 2942 846 2981 y
875 2926 1067 2981 ky-aaruu
1097 2938 1146 2966 ac
1166 2932 1276 2980 wynt
1304 2923 1494 2978 (obviam
1523 2923 1578 2966 iis
1607 2923 1745 2966 factus
1777 2921 1862 2976 est)
1893 2921 1932 2974 2,
1953 2920 2024 2964 42.
2068 2920 2208 2976 aphau

240 3015 428 3057 aoyanvu
466 2999 529 3054 (et
559 3012 652 3040 cum
684 2993 1002 3048 animadvertit)
1035 2994 1070 3046 1,
1102 2993 1198 3034 241.
1248 2992 1308 3047 yd
1337 3007 1532 3047 arflamm
1562 2992 1710 3034 arthur
1736 2996 1849 3045 wynt
1885 2987 2208 3043 (animadvertit

240 3070 293 3111 A.
334 3067 436 3122 eos)
470 3068 505 3118 1,
536 3066 602 3107 25.
661 3063 801 3118 aphau
838 3063 974 3103 damu
1013 3067 1146 3116 vata
1188 3059 1260 3115 (et
1295 3065 1522 3115 postquam
1557 3058 1748 3116 perfecta
1781 3057 1861 3099 suit
1897 3055 2033 3111 cena)
2074 3056 2110 3109 1,
2139 3054 2207 3098 62.

241 3136 380 3190 aphau
408 3133 526 3189 wybu
553 3148 611 3187 yn
640 3131 810 3186 hyspffl,
851 3129 990 3184 aphau
1020 3127 1137 3183 wybu
1168 3127 1214 3180 ef
1239 3127 1378 3182 hynny
1415 3124 1480 3180 (et
1508 3140 1603 3169 cum
1632 3126 1762 3169 sciret
1791 3129 1927 3178 certo,
1966 3129 2010 3166 et
2038 3136 2134 3166 cum
2162 3120 2209 3164 id

243 3203 371 3245 sciret
398 3201 512 3257 ipse)
551 3198 588 3252 2,
622 3199 685 3240 12.
718 3197 784 3239 34.
831 3211 880 3237 cu:
907 3196 966 3250 yd
995 3193 1163 3237 adnabu
1193 3192 1258 3248 (et
1287 3192 1509 3249 cognovit)
1540 3193 1579 3246 3,
1610 3193 1705 3237 271.
1735 3194 1831 3236 273.
1876 3207 1904 3233 a
1932 3191 1994 3232 mi
2018 3188 2156 3232 bieiuu
2178 3202 2208 3245 y

243 3271 367 3310 (linas
397 3283 446 3309 ατ
476 3266 613 3309 castell
639 3266 704 3320 (et
734 3279 812 3319 ego
844 3262 1022 3319 possedi
1051 3261 1255 3318 oppidum
1285 3268 1328 3302 et
1348 3259 1555 3315 castrum)
1585 3259 1624 3314 2,
1651 3263 1713 3303 14.
1772 3259 1888 3302 Plus.
1919 3258 1958 3300 3.
1987 3270 2126 3314 pers.:
2157 3271 2208 3298 ac

243 3353 270 3377 α
289 3344 469 3379 oruuanc
499 3335 562 3389 (et
582 3330 910 3389 superaverunt)
937 3332 972 3383 1,
993 3330 1059 3371 35.
1098 3343 1147 3370 ac
1166 3344 1250 3384 yna
1271 3343 1326 3383 ny
1344 3328 1540 3384 wybuant
1570 3326 1635 3382 (et
1652 3333 1741 3371 tum
1761 3323 2028 3380 nescierunt)
2050 3325 2088 3378 3,
2111 3320 2208 3366 214.
