2336 3736
613 239 647 283 Ι.
682 244 716 285 1.
761 253 958 284 vocatus
988 253 1294 285 BmTANNmAE
1324 254 1503 286 naevus.
1793 246 1935 289 (95-,96)
1973 246 2021 289 81

92 381 172 424 pus
210 365 279 422 qui
309 365 354 407 in
383 364 598 408 hibernico
629 364 858 422 Maqh-liffe
885 370 1070 408 vocatur.
1123 365 1191 409 De
1220 380 1326 409 voce
1353 365 1437 409 hib.
1468 373 1551 411 vet.
1581 368 1814 424 arphaieiu,
1844 369 2028 425 zirfuisz'u

93 433 169 490 (gl.
201 448 363 487 cancer,
394 433 585 488 morbus)
618 431 690 489 Sg.
713 432 763 474 cf.
784 448 825 488 p.
848 433 913 474 73.

206 501 258 542 In
287 501 431 556 lingua
467 500 676 543 cambrica
711 500 897 556 aspirata
912 499 950 552 f
980 506 1026 541 ut
1054 501 1101 542 elz
1139 499 1460 544 combinationjs
1491 503 1574 545 elcw
1609 502 1847 546 infectionis
1878 518 2028 560 expers

94 574 178 621 est3
209 569 254 609 in
282 568 499 611 hibernica
528 567 661 609 omnis
679 566 716 620 f
740 583 823 609 uno
854 572 896 609 et
921 567 1069 609 eodem
1098 583 1271 610 numero
1300 569 1494 611 habetur:
1532 572 1622 611 cuir
1651 578 1679 611 ι’
1692 564 1878 627 sallainq
1906 572 2031 613 iomat

93 635 222 692 (pone
253 635 427 692 pallium
456 641 570 676 tuum
599 634 712 676 circa
739 635 801 689 te)
833 633 998 677 O'Don.
1029 651 1070 691 p.
1094 636 1186 678 309.
1664 653 1727 664 f-

749 1021 810 1069 ΙΙ.
860 1021 998 1071 Soni
1034 1024 1377 1073 britannici.

891 1147 946 1188 A.
992 1130 1232 1190 Vocales.

209 1247 451 1289 Constituta
469 1246 614 1302 regula
636 1261 832 1288 sonorum
853 1247 1095 1290 celticorum
1116 1264 1168 1290 ex
1188 1248 1408 1292 hibernica
1427 1256 1635 1293 vetustate
1668 1250 1736 1293 vel
1756 1251 1920 1307 gallica,
1951 1251 2033 1294 iam

94 1315 197 1357 satis
219 1315 297 1357 erit
316 1314 452 1357 levius
475 1329 563 1356 eam
587 1314 792 1370 attingere
814 1315 881 1357 vel
902 1315 946 1356 in
967 1316 1207 1358 memoriam
1226 1331 1437 1371 revocare,
1470 1319 1546 1360 sed
1566 1320 1686 1361 modo
1718 1318 1897 1375 amplius
1922 1333 2034 1362 com-

93 1383 319 1438 probemus
340 1382 550 1438 oportebit
570 1382 685 1438 leges
706 1382 947 1438 propositas
970 1383 1205 1439 desumptis
1226 1398 1250 1425 e
1271 1383 1508 1428 britannica
1528 1386 1797 1431 dialectonum
1833 1387 2030 1430 varietate

95 1450 297 1505 exemplis
327 1456 412 1491 tam
443 1450 729 1492 cambricis
760 1466 884 1507 quam
913 1451 1152 1493 cornicis
1184 1456 1225 1493 et
1253 1453 1589 1507 aremoricis,
1627 1454 1749 1499 modo
1779 1467 2037 1510 exponamus

92 1518 264 1574 propria
295 1533 491 1559 sonorum
520 1517 860 1560 britannicorum.
910 1518 978 1561 Ita
1005 1519 1075 1561 hic
1104 1519 1148 1561 in
1177 1525 1296 1576 parte
1328 1520 1380 1562 de
1408 1521 1642 1576 vocalibus,
1675 1528 1720 1563 ut
1737 1537 1834 1565 mox
1864 1522 1915 1564 de
1937 1537 2038 1565 con-

95 1585 212 1628 sonis
244 1592 285 1628 et
314 1587 356 1626 in
389 1586 539 1627 ceteris
570 1586 773 1642 partibus.
833 1586 1060 1640 Quantitas
1091 1587 1313 1641 vocalium,
1346 1601 1440 1629 cum
1469 1589 1767 1645 productarum
1786 1590 1956 1633 notatio
1993 1590 2039 1632 in

96 1653 313 1696 codicibus
353 1653 602 1696 britannicis
639 1653 683 1695 in
721 1670 800 1696 usu
828 1670 915 1697 non
945 1655 1020 1709 sit,
1062 1656 1285 1698 statuenda
1323 1663 1389 1699 est
1425 1659 1748 1715 comparatione.
1816 1658 1905 1703 Soli
1943 1659 2040 1702 libri

95 1720 253 1763 cornici
283 1720 490 1762 interdum
523 1722 769 1777 productam
798 1724 1000 1776 vocalem,
1031 1724 1211 1767 maxime
1232 1740 1253 1766 0
1275 1729 1317 1767 et
1335 1741 1375 1778 u,
1406 1731 1557 1768 notant
1577 1726 1720 1769 addita
1739 1727 1889 1781 vocali,
1920 1742 2041 1784 prae-

94 1789 238 1832 sertim
266 1804 293 1844 y
324 1788 392 1830 vel
422 1804 458 1830 e:
491 1797 578 1845 mys
609 1791 767 1845 (pater,
802 1790 852 1832 al.
885 1791 966 1846 tas)
997 1790 1044 1833 P.
1077 1794 1111 1846 1,
1138 1794 1173 1834 1.
1213 1791 1304 1848 boys
1334 1791 1472 1847 (esse,
1514 1794 1567 1837 al.
1599 1793 1683 1850 bos)
1714 1796 1780 1849 49,
1803 1796 1842 1837 2.
1886 1796 1978 1849 110,
2004 1795 2042 1837 2.

95 1857 186 1910 122,
215 1858 250 1909 1,
298 1857 350 1898 de
380 1857 491 1912 boys,
524 1857 613 1899 boos
643 1857 823 1913 (cibus),
855 1859 941 1900 [aar
968 1858 1165 1915 (solum),
1197 1860 1288 1915 lues
1311 1859 1528 1917 (manus),
1568 1860 1687 1904 brae&
1718 1862 1959 1918 (iudicium)
1990 1863 2042 1905 cf.

90 1940 162 1982 pp.
192 1925 258 1967 95.
287 1927 359 1977 97,
393 1940 499 1981 quae
531 1926 790 1968 consuetudo
820 1932 969 1982 postea
998 1928 1042 1969 in
1073 1926 1143 1971 Cr.
1173 1928 1422 1983 increbruit3
1459 1937 1601 1972 tamen
1629 1945 1709 1973 nec
1738 1930 1942 1987 regularis
1974 1936 2040 1973 est

92 1993 166 2035 illa
193 1993 366 2046 notatio,
399 1999 440 2035 et
471 1993 675 2035 interdum
704 2000 853 2050 postea
883 1996 1045 2037 demum
1075 1998 1305 2052 productae
1336 2003 1434 2039 sunt
1463 1998 1644 2050 vocales,
1678 2014 1786 2054 quae
1814 1998 1896 2041 hoc
1916 1999 2038 2042 modo

88 2061 324 2117 signantur,
359 2068 402 2102 ut
431 2061 542 2114 cleak,
574 2062 677 2118 ἆμαρ
708 2061 894 2118 (decem)
926 2062 994 2106 Cr.
1021 2065 1146 2107 1977.
1168 2066 1290 2108 2265.
1343 2066 1521 2109 Infectio
1550 2066 1758 2109 vocalium
1787 2066 2041 2110 britannica-

92 2145 181 2171 rum
213 2130 358 2171 eadem
387 2130 473 2172 fere
505 2136 570 2171 est
600 2136 723 2185 atque
752 2130 1073 2184 hibernicarum,
1104 2147 1354 2190 quamquam
1382 2134 1428 2176 in
1456 2133 1523 2176 his
1553 2135 1678 2190 paulo
1707 2134 1833 2177 latius
1864 2140 1993 2191 patet.

845 2312 1069 2357 Vocales
1099 2315 1298 2358 breves.

143 2420 146 2423 >
208 2371 264 2444 [l
296 2412 488 2462 correpta
515 2404 674 2446 intacta
702 2403 856 2445 mansit
884 2403 930 2444 in
959 2404 1149 2460 plurimis
1178 2404 1354 2447 vocibus
1385 2404 1645 2448 britannicis.

207 2470 484 2513 Cambrica
514 2471 722 2528 exempla:
755 2485 827 2513 σαν
855 2470 1048 2525 (amicus,
1082 2478 1306 2529 cognatus3
1337 2472 1422 2515 hib.
1443 2477 1525 2514 vet.
1548 2487 1669 2525 σανα,
1700 2473 1745 2514 in
1764 2473 1944 2516 vetustis
1964 2487 2042 2515 no-

96 2538 279 2581 minibus
310 2539 473 2594 gallicis
505 2538 701 2596 frequens
723 2539 844 2582 radix
872 2539 965 2595 car)
986 2539 1102 2582 Mab.
1124 2543 1161 2593 2,
1186 2541 1279 2582 ⁶226.
1306 2541 1401 2582 231.
1437 2554 1554 2596 yrum,
1583 2555 1696 2597 9wa3
1716 2539 1852 2597 (puer,
1876 2554 2041 2593 servus3

96 2605 147 2648 cf.
188 2620 346 2659 nassae,
385 2607 584 2661 vasallus,
623 2607 822 2649 vassallus
865 2608 977 2664 apud
1014 2608 1242 2664 scriptores
1279 2608 1407 2650 medii
1444 2606 1564 2663 aevi)
1605 2607 1659 2663 gl.
1692 2606 1773 2650 Ox.
1813 2607 1928 2650 Mab.
1974 2623 2043 2649 ma

99 2672 160 2728 (2-
188 2689 304 2730 may,
335 2673 493 2730 locus):
538 2675 611 2717 Ma
641 2674 799 2716 Mourie
830 2674 1229 2732 (Mauriciomagus‚
1267 2675 1385 2718 locus
1420 2674 1636 2732 Mauricii)
1666 2674 1798 2717 Land.
1826 2677 1923 2729 197,
1962 2675 2044 2717 fre-

96 2754 229 2795 quens
259 2742 506 2796 praesertim
536 2743 581 2784 in
601 2742 846 2799 compositis
875 2758 974 2796 Ama,
1006 2743 1086 2797 -fa.
1119 2751 1194 2796 eat,
1224 2743 1294 2784 kat
1314 2743 1495 2799 (pugna3
1527 2742 1612 2785 hib.
1641 2748 1725 2786 vet.
1756 2743 1859 2796 cath,
1889 2743 1934 2784 in
1954 2743 2043 2798 gal-

96 2806 191 2849 licis
219 2808 459 2852 nominibus
488 2810 665 2852 vet-ustis
697 2811 809 2864 catu)
842 2809 982 2854 Gorm.
1015 2826 1053 2852 v.
1086 2810 1239 2864 cathal,
1271 2809 1385 2853 Mab.
1418 2811 1456 2864 2,
1491 2811 1585 2854 381.
1617 2810 1710 2854 389.
1757 2825 1853 2865 ῦπαρ
1889 2809 2043 2864 (filius)

97 2874 157 2930 gl.
182 2873 262 2917 Ox,
286 2876 365 2918 39¹².
404 2893 582 2919 ramzam
613 2878 687 2933 (gl.
718 2878 910 2934 partior),
943 2879 1137 2919 lammam
1168 2876 1241 2933 (gl.
1267 2877 1406 2933 salio),
1439 2893 1536 2919 carr
1566 2877 1643 2934 (gl.
1664 2876 1922 2929 vehiculum3
1952 2891 2045 2918 ear·-

97 2956 169 2983 *rus
199 2943 311 2999 apud
332 2943 559 2988 Caesarem
589 2944 807 2989 Gallorum
838 2961 995 2999 currus,
1027 2946 1138 2988 unde
1168 2954 1349 2998 carrata,
1379 2947 1574 2999 carrada,
1606 2945 1630 2986 i.
1657 2959 1693 2987 e.
1725 2950 1925 3000 quantum
1955 2959 2045 2986 car-

97 3026 169 3053 rus
200 3011 325 3067 capit,
356 3013 401 3055 in
431 3013 550 3056 libris
581 3013 708 3055 medii
739 3013 861 3070 aevi)
891 3015 946 3070 gl,
970 3013 1050 3057 Ox,
1093 3014 1152 3055 tal
1182 3013 1338 3068 (frons)
1362 3011 1440 3056 Cb.
1463 3015 1530 3055 51.
1561 3011 1674 3056 Cott.
1713 3027 1803 3053 cam
1834 3011 1895 3066 (=
1916 3011 2043 3066 camb,

99 3095 272 3135 curvus3
305 3081 355 3124 cf.
388 3079 718 3136 Cambodunum,
750 3081 1029 3138 Moricambe)
1059 3081 1115 3138 sq.
1175 3082 1339 3124 Nomen
1360 3081 1549 3134 Taranis,
1582 3080 1802 3124 Gallorum
1833 3079 1901 3121 dei
1931 3079 2054 3136 apud·

98 3149 334 3204 Lucanum,
375 3148 616 3192 etiamnunc
645 3150 848 3193 intactum
877 3150 921 3192 in
950 3165 1055 3193 voce
1087 3149 1296 3191 cambrica
1324 3157 1447 3192 taran
1477 3148 1688 3203 (tonitru).

211 3219 450 3263 Cornica
487 3235 509 3263 e
538 3220 663 3263 Voc.:
704 3235 775 3261 car
805 3217 1030 3275 (amicus),
1071 3217 1130 3258 tal
1159 3216 1333 3273 (frons),
1368 3219 1468 3274 ylan
1498 3216 1652 3273 (ripa),
1692 3216 1784 3257 bras
1814 3214 2045 3271 (grossus),

99 3302 189 3329 cam
212 3285 410 3343 (strabo),
439 3304 576 3345 yaran
598 3288 752 3345 (grus),
784 3295 907 3329 tarem
928 3284 1137 3341 (tonitru),
1168 3285 1262 3326 mab
1282 3285 1447 3339 aflauar
1477 3285 1670 3339 (infans),
1697 3298 1835 3340 yauar
1863 3282 2045 3338 (capra).

98 3353 136 3396 E
158 3353 304 3397 Passa
336 3371 409 3397 car
439 3355 633 3412 (parens)
655 3357 721 3409 93,
744 3357 782 3398 3.
820 3370 940 3411 ywan
970 3351 1164 3409 (debilis)
1198 3354 1288 3407 166,
1310 3354 1347 3395 4.
1387 3353 1492 3407 mab,
1514 3368 1623 3395 mam
1643 3352 1788 3407 (filius,
1810 3350 1959 3405 mater)
1987 3348 2046 3407 fq.

96 3436 217 3478 yarm
249 3420 445 3478 (clamor)
476 3423 514 3475 4,
538 3423 576 3467 2.
609 3424 702 3475 207,
725 3423 764 3464 4.

151 3500 273 3542 zecss,
300 3511 432 3535 omum.
458 3510 559 3535 cem.
605 3499 671 3533 Eu.
695 3498 740 3534 11.
1761 3498 1781 3531 6
