2336 3736
285 243 337 283 46
383 240 448 282 (ὕΰ-
470 241 526 280 57)
787 237 821 279 1.
858 239 892 279 1.
938 248 1474 280 οοΝεοΝΑΕἩῑΒΕΒΝΙοΑΕ
1505 249 1759 279 SPIRAN'PEs.

284 364 418 412 aillne,
451 362 578 416 afile),
610 362 656 403 id
678 361 750 403 vix
778 374 865 401 non
892 361 1188 417 neglegentiae
1218 361 1484 404 tribuendum
1515 367 1592 403 est.
1641 360 1709 403 De
1730 364 1887 415 puncto
1919 359 2025 401 alias
2057 359 2236 413 delente,

284 431 396 486 quod
427 429 677 485 saepissime
706 430 750 470 in
780 427 848 469 his
878 428 1149 483 conspicitur,
1181 426 1328 470 videas
1358 428 1468 469 infira
1495 443 1536 483 p.
1559 429 1626 469 65.

1077 617 1366 674 Spirantes.

396 667 452 738 H
486 668 533 739 S
565 667 599 737 J
636 665 715 736 V.
781 697 945 739 Horum
977 713 1173 739 sonorum
1213 698 1299 740 bini
1331 704 1430 739 sunt
1464 697 1632 750 affines,
1671 697 1697 738 Ιι
1734 703 1777 739 et
1804 710 1823 737 ε
1859 711 1985 739 verae
2022 695 2235 752 spirantes

285 779 392 821 quae
424 763 636 805 alternant
673 763 783 806 inter
814 780 908 806 sese
946 765 990 806 in
1018 765 1212 820 plurimis
1240 765 1418 821 linguis,
1447 765 1473 818 j
1501 772 1543 806 et
1570 781 1593 804 v
1633 770 1748 806 ortae
1779 779 1802 806 e
1831 763 2052 806 vocalibus
2081 763 2098 803 i
2138 768 2181 804 et
2213 779 2242 803 u

284 832 468 874 admixta
497 830 728 886 spiratione
760 831 912 887 aliqua.
966 832 1247 888 Utrorumque
1279 833 1453 888 priores,
1485 834 1511 873 h.
1543 827 1583 874 et
1602 832 1638 885 j,
1671 831 1900 875 debiliores
1930 831 2016 873 dici
2046 835 2240 886 possunt,

285 902 357 955 qui
378 899 471 940 soni
492 912 571 938 nec
594 898 738 939 eadem
763 899 848 940 sint
866 899 1102 955 frequentia
1131 901 1213 941 iam
1247 900 1289 941 in
1318 907 1488 942 vetusta
1513 900 1660 956 lingua
1690 899 1852 951 celtica,
1881 913 1963 941 nec
1993 898 2138 941 eadem
2169 897 2244 938 du-

282 967 403 1008 randi
433 966 476 1007 vi
506 966 552 1006 in
581 967 817 1008 recentiore
848 962 1016 1022 linguae
1047 967 1389 1016 conformatione,
1421 983 1505 1023 qua
1532 967 1791 1023 posteriores
1822 973 1865 1009 et
1891 966 2100 1009 fortiores.
2156 963 2243 1006 Ita-

286 1049 368 1091 que
400 1034 437 1075 si
466 1032 661 1074 fortiores
690 1033 752 1073 illi
774 1034 880 1087 soni,
912 1050 930 1076 s
960 1042 1002 1076 et
1030 1051 1064 1087 v,
1099 1050 1151 1076 ex
1170 1041 1290 1091 parte
1319 1041 1480 1076 tantum
1509 1034 1772 1091 pertulerunt
1801 1034 2114 1090 oppositionem
2143 1046 2244 1081 con-

285 1116 478 1144 sonarum
519 1100 778 1142 hibernicam
813 1116 893 1143 nec
923 1107 1089 1158 praeter
1119 1107 1275 1144 statum
1306 1103 1516 1145 duriorem
1554 1108 1653 1144 sunt
1683 1103 1860 1155 servati,
1901 1101 1978 1144 sed
2015 1097 2244 1143 oblitterati

285 1169 536 1220 infectione,
575 1167 810 1209 mirandum
846 1184 933 1209 non
968 1176 1034 1210 est
1072 1169 1298 1212 debiliores
1338 1186 1390 1213 ex
1418 1170 1531 1212 omni
1569 1171 1711 1213 radice
1747 1169 1968 1212 hibernica
2002 1168 2242 1211 evanuisse.

282 1236 530 1278 Britannica
561 1249 728 1289 quoque
748 1235 775 1288 j
804 1235 847 1276 in
877 1235 1087 1292 principio
1119 1244 1279 1281 tantum
1310 1253 1461 1280 vocum
1492 1245 1662 1280 servata
1681 1244 1756 1281 est.

395 1304 441 1346 H
481 1308 524 1344 et
553 1301 583 1344 S
620 1302 665 1343 in
695 1303 874 1344 vetustis
905 1303 1147 1347 nominibus
1179 1306 1358 1361 gallicis.
1405 1304 1470 1347 H:
1507 1305 1728 1361 Hercynia
1758 1306 1866 1349 silva
1896 1304 2022 1348 Caes.
2063 1310 2104 1346 et
2133 1301 2246 1359 apud

286 1372 513 1427 scriptores
544 1371 699 1413 latinos
731 1376 830 1426 post
860 1371 1051 1421 eundem,
1083 1378 1128 1413 ut
1149 1371 1432 1415 Hercuniates
1464 1373 1637 1427 (nomen
1667 1374 1815 1430 populi
1835 1371 2103 1424 Pannoniae)
2134 1367 2247 1425 apud

283 1439 482 1490 Plinium,
516 1439 592 1481 sed
616 1433 826 1491 Ἀρκύνια
859 1431 941 1495 ὅρη
974 1454 1040 1495 ap.
1072 1440 1272 1489 Aristot.,
1306 1439 1494 1496 Orcynia
1524 1441 1636 1497 apud
1667 1442 1897 1498 scriptores
1927 1453 2104 1496 graecos
2134 1442 2245 1479 teste

286 1506 485 1550 Caesare.
532 1506 690 1559 Helvii,
723 1505 914 1548 Helvetii
944 1506 1084 1559 Caes„
1118 1508 1192 1549 sed
1224 1507 1387 1560 Elvius,
1418 1507 1595 1550 Elvorix
1624 1509 1669 1551 in
1699 1509 1980 1566 inscriptione
2009 1505 2246 1550 Mediom-

283 1575 459 1617 trieensi
490 1573 634 1631 (Grut.
663 1574 725 1627 12,
750 1574 814 1615 10.
849 1574 980 1618 Stein.
1003 1575 1121 1631 996),
1152 1574 1347 1617 Elvetius
1377 1575 1423 1616 in
1452 1576 1579 1618 inser.
1610 1576 1766 1619 helvet.
1799 1576 1951 1632 (Orell.
1983 1575 2101 1630 480).
2140 1573 2248 1616 Item

286 1643 398 1699 apud
427 1641 615 1683 Plinium
645 1642 711 1694 26,
743 1643 789 1682 7:
828 1642 946 1683 halus
978 1658 1100 1698 quam
1132 1642 1248 1686 Galli
1279 1644 1341 1685 sic
1371 1649 1544 1696 vocant,
1575 1643 1730 1686 Veneti
1762 1650 1983 1686 cotoneam
2012 1641 2246 1696 (herbamk

286 1711 362 1752 sed
392 1711 458 1762 27,
482 1708 526 1751 6:
560 1710 674 1751 alum
704 1724 785 1752 nos
815 1724 1035 1764 vocamus,
1076 1709 1232 1753 Graeci
1265 1711 1520 1767 symphyton
1549 1718 1779 1768 petraeum.
1846 1711 1946 1754 Non
1974 1709 2174 1753 radicalis
2203 1708 2250 1751 in

286 1778 352 1819 his
385 1777 478 1819 sine
501 1776 636 1819 'dubio
666 1777 714 1830 Ιι,
757 1778 833 1820 sed
864 1777 1008 1820 addita
1039 1778 1185 1820 eodem
1215 1779 1337 1820 modo
1370 1794 1452 1834 quo
1483 1779 1526 1820 in
1557 1780 1800 1822 nominibus
1830 1777 2012 1821 vetustis
2041 1774 2249 1834 germani-

287 1845 349 1887 cis
381 1844 686 1897 Herminones,
719 1843 1017 1887 Hermunduri.
1066 1845 1151 1887 Vix
1183 1846 1303 1888 aliter
1332 1845 1377 1887 in
1406 1846 1556 1889 mediis
1587 1847 1783 1890 vocibus:
1812 1846 1988 1889 Vahalis
2008 1843 2135 1889 Caes.
2166 1844 2250 1898 (at-

284 1920 425 1955 tamen
456 1912 643 1965 Vacalis,
675 1912 878 1955 Vachalis
908 1912 1039 1968 aliis).
1097 1912 1323 1955 Drahonus
1356 1914 1498 1968 (fluv.)
1528 1915 1693 1957 Auson.
1723 1914 1835 1957 Mos.
1859 1915 1954 1957 365.
1996 1913 2248 1955 Leherenno

287 1980 409 2035 (deo)
439 1981 574 2022 Inscr.
615 1997 681 2037 ap.
715 1981 845 2023 Orell.
878 1982 1000 2022 2020.
1044 1981 1333 2024 Nehalenniae
1365 1981 1509 2037 (deae)
1552 1981 1681 2025 Orell.
1714 1984 1837 2026 2029.
1868 1983 1934 2025 30.
1967 1983 2033 2024 31.
2102 1979 2155 2022 In
2183 1979 2249 2020 in-

286 2048 588 2103 scriptionibus
627 2049 866 2104 frequentia
910 2049 1081 2090 nomina
1128 2063 1313 2105 compos.
1354 2051 1538 2109 -neleaez
1595 2051 1886 2104 Rumanehae,
1933 2047 2249 2093 Maviatinehae

285 2122 512 2168 matronae,
546 2124 591 2157 ut
612 2117 790 2168 videtur,
824 2116 1043 2159 Gallorum
1065 2117 1181 2159 deae.
1237 2118 1289 2160 In
1317 2120 1486 2161 nomine
1518 2119 1738 2175 Euhages,
1779 2119 1979 2161 adiuncto
2015 2116 2169 2160 Bardis
2209 2121 2251 2158 et

285 2182 461 2224 Druidis
483 2185 596 2239 apud
616 2184 884 2226 Ammianum
907 2183 993 2239 (15,
1018 2184 1076 2239 9),
1107 2185 1300 2241 equidem
1320 2202 1406 2228 non
1426 2188 1551 2230 video
1572 2189 1609 2240 l»,
1643 2188 1719 2230 sed
1739 2187 1845 2230 nihil
1864 2187 1950 2230 nisi
1968 2187 2075 2230 falso
2095 2186 2251 2236 lectum

294 2252 330 2287 0
344 2250 424 2287 YA
434 2251 472 2287 T
470 2250 569 2289 ΕΙΣ
603 2253 744 2307 graeci
780 2251 909 2294 fontis
941 2251 1185 2306 (Strabonis
1215 2255 1254 2305 4,
1277 2254 1346 2309 4),
1377 2255 1405 2297 i.
1438 2271 1473 2297 e.
1505 2259 1625 2298 vates
1655 2256 1836 2311 (hibern.
1868 2262 1951 2298 vet.
1976 2255 2124 2310 saith).
2181 2253 2250 2296 De

287 2318 311 2357 Ιι
343 2317 386 2357 in
418 2317 483 2359 his
514 2319 756 2361 nominibus
788 2320 1032 2361 intromissa
1060 2320 1253 2363 conferas
1285 2322 1496 2378 spirantes
1526 2323 1800 2365 britannicas.
2318 2322 2321 2326 ’

402 2383 431 2426 S
464 2386 617 2440 gallica
647 2387 716 2427 vel
746 2387 984 2428 britannica
1015 2387 1261 2442 singularis:
1296 2388 1433 2438 Sabis.
1468 2389 1640 2442 Seduni,
1673 2389 1866 2433 Senones
1890 2389 2015 2433 Caes.
2054 2390 2250 2444 Σεσηρο-

290 2449 383 2498 νεύς
427 2453 684 2505 (Saffanius
722 2454 921 2509 Inscript.
960 2455 1141 2496 britann.
1186 2454 1315 2497 Orell.
1355 2457 1492 2513 2779)
1532 2456 1643 2498 Plut.
1684 2456 1775 2507 (ed.
1814 2456 1974 2500 Reiske
2015 2458 2088 2510 10,
2127 2455 2248 2510 732).

286 2517 557 2571 Bellovesus,
591 2519 819 2575 Sigovesus
849 2521 944 2562 Liv.
976 2521 1199 2575 Vesontio,
1240 2522 1387 2565 Alesia
1418 2523 1541 2567 Caes.
1586 2524 1796 2566 Alisontia
1831 2525 1997 2568 Auson.
2040 2523 2252 2566 Belisama

289 2585 525 2640 (Minerva)
549 2585 679 2628 Orell.
705 2589 824 2630 1969.
863 2588 1097 2642 Βηλησαμι
1120 2588 1253 2631 Beck.
1277 2591 1314 2632 2.
1356 2589 1482 2633 Adde
1514 2592 1766 2647 composita:
1799 2590 2058 2634 Civismarus
2089 2592 2152 2647 (p.
2176 2590 2249 2645 16)

286 2650 380 2693 Ιιίν.
407 2652 729 2697 Cartimandua,
749 2656 820 2710 (cf.
842 2655 1284 2711 Epomanduodurum,
1307 2656 1550 2713 Mandubii)
1571 2656 1706 2699 Tacit.
1736 2655 1971 2701 Ratisbona
1992 2659 2064 2712 (cf.
2086 2656 2249 2700 Vindo-

285 2721 410 2771 bona,
431 2719 647 2777 Bouonia)
679 2723 723 2763 in
745 2723 900 2765 chartis
932 2723 1059 2764 medii
1090 2723 1196 2765 aevi.
1242 2723 1394 2766 Iuncta
1423 2725 1518 2767 aliis
1549 2728 1769 2768 consonis:
1804 2725 2019 2781 Catuslogi
2041 2725 2248 2780 (compos.

288 2787 417 2842 -slogi
446 2804 486 2844 p.
510 2790 581 2841 22)
604 2789 714 2831 Plin.
747 2788 937 2843 Σμέρται
963 2791 1082 2845 (pop.
1104 2789 1320 2845 Britann.)
1342 2791 1451 2834 Ptol.
1483 2791 1807 2835 Smertulitanus
1835 2792 1970 2835 Inscr.
1993 2791 2123 2835 Orell.
2157 2791 2250 2833 188.

285 2847 508 2897 Rosmerta
538 2855 656 2911 (dea3
688 2871 874 2912 eompos.
897 2856 1079 2912 Ro-sm.)
1102 2856 1236 2899 Inscr.
1266 2858 1609 2914 Bratuspantium
1632 2861 1839 2916 (compos.
1861 2859 2103 2916 Bratu-sp.)
2135 2857 2250 2902 Caes

290 2919 551 2975 Sparnacum
590 2923 706 2978 (hod.
738 2924 960 2980 Epernay)
1002 2924 1132 2965 chart.
1173 2925 1280 2967 med.
1324 2941 1413 2968 aev.
1452 2925 1698 2982 Stanacum,
1737 2925 1908 2969 Stiriate
1953 2926 2052 2982 (loc.
2082 2923 2249 2979 Noric.)

289 2988 387 3029 Itin.
420 2989 642 3031 Στουκκία
672 2991 789 3041 (fluv.
810 2991 937 3045 Brit.)
968 2991 1079 3033 Ptol.
1124 2991 1286 3034 Scaldis
1320 2992 1446 3036 Caes.
1478 2993 1588 3035 Plin.
1627 2994 1874 3051 Scarponna
1904 2995 1979 3048 (ad
2006 2991 2250 3046 Mosellam)

288 3055 386 3097 Itin.
436 3054 488 3098 In
518 3058 657 3099 media
684 3073 808 3100 voce:
840 3059 1073 3114 Tasyetius,
1103 3059 1356 3115 Moritasgyus
1378 3061 1502 3103 Caes.
1541 3060 1810 3116 Caspingium
1844 3061 1919 3115 (acl
1938 3061 2073 3120 Rhen.
2094 3060 2251 3114 insen).

289 3122 386 3164 Itin.
424 3118 715 3177 Ἀνηρόεστος
745 3125 927 3179 (Gallor.
949 3127 1044 3181 rex)
1076 3126 1224 3181 Polyb.
1257 3126 1444 3168 Piscillus
1474 3128 1672 3185 Inscript.
1705 3127 1835 3172 Orell.
1858 3127 1982 3170 2776.
2020 3127 2112 3169 Isca
2132 3126 2251 3182 (fluv,

291 3188 415 3243 Brit.)
447 3189 556 3232 Ptol.
587 3191 685 3233 Itin.
725 3192 901 3235 Matisco
933 3193 1058 3236 Caes.
1099 3194 1278 3236 Isinisca
1317 3195 1417 3249 (loc.
1448 3194 1680 3249 Vindelic.)
1719 3195 1818 3237 Itin.
1848 3195 2054 3239 MaLsonis
2083 3193 2140 3235 fil.
2179 3193 2253 3235 In-

293 3257 434 3312 script.
469 3256 589 3300 Grut.
624 3261 718 3312 763,
741 3262 779 3301 6.
823 3261 980 3314 Mursa,
1012 3261 1219 3303 Mursella
1251 3261 1464 3315 (Pannon.
1496 3259 1662 3317 oppid.)
1691 3261 1789 3304 Itin.
1829 3259 2137 3316 Kaqoo'ywws
2166 3259 2203 3301 P
2206 3275 2252 3302 0⁶

291 3323 376 3378 lyb.
417 3323 503 3378 (25,
538 3326 599 3378 4).
669 3326 896 3382 Duplicata
936 3327 1020 3371 SS:
1068 3327 1227 3370 casses
1269 3328 1353 3383 (di)
1392 3329 1525 3371 Inscr.
1568 3327 1697 3371 Orell.
1733 3330 1851 3371 1979.
1901 3327 2251 3373 Cassivellaunus
