2336 3736
237 261 299 307 'VI
326 261 500 307 <IV—VI)
951 273 1209 307 PRAEFATIO
1239 275 1479 308 Auoroms.

234 394 320 430 tem
348 386 531 443 aliquam
563 386 755 429 extitisse
786 386 955 442 quidem
983 387 1029 429 in
1060 387 1207 444 lingua
1230 387 1448 432 Celtarum
1480 387 1722 443 (Gallorum
1755 388 1806 430 ab
1839 387 2095 431 occidentali
2116 389 2192 433 Se-

237 475 378 516 quana
408 466 449 502 et
477 458 716 513 Matrona),
753 458 980 513 Belgarum
1023 461 1096 513 (ab
1127 461 1290 503 oriente
1321 461 1550 504 eorundem
1581 461 1838 515 fluminum),
1880 460 2193 515 Britannorum,

236 549 322 575 non
353 539 489 575 tamen
521 538 693 584 tantam,
725 538 771 573 ut
798 532 909 573 inter
936 532 1015 575 hos
1035 533 1217 589 populos
1249 534 1455 576 sermonis
1487 533 1783 576 commercium
1815 549 1910 576 esse
1941 550 2024 576 non
2046 541 2199 590 potue-

235 607 300 649 rit.
361 605 431 648 Ex
462 621 508 648 ea
530 612 668 647 aetate
701 611 871 647 servata
900 620 997 648 esse
1031 607 1203 648 nomina
1224 607 1390 662 gallica,
1423 607 1601 661 belgica,
1634 607 1871 648 britannica
1895 607 2089 660 virorum,
2123 624 2197 664 op-

235 679 449 735 pidorum,
481 678 722 732 fluviorum,
753 679 993 735 plantarum
1024 684 1067 720 et
1095 694 1234 735 pauca
1263 681 1387 722 etiam
1418 679 1627 721 vocabula
1664 694 1688 720 a
1719 679 2000 736 scriptoribus
2032 682 2198 736 graecis

236 759 279 794 et
307 753 470 803 latinis,
510 751 668 794 nemini
699 751 923 794 vetustatis
954 767 1084 808 gnaro
1116 753 1380 809 incognitum
1412 759 1488 794 est.
1556 751 1625 793 Ex
1656 752 1708 793 iis
1748 752 1996 795 varietatem
2026 753 2198 809 linguae

238 824 497 881 deprehendi
527 839 658 880 posse
687 839 813 867 nemo
845 825 1046 880 sperabit.

347 897 606 939 Varietatem
635 897 762 952 longe
792 896 996 939 maiorem
1024 904 1295 940 monumenta
1339 898 1498 953 scripta
1538 898 1590 939 ab
1621 896 1834 953 indigenis
1873 899 2003 941 totius
2042 900 2198 955 gentis,

238 986 264 1012 a
291 970 395 1013 viris
426 985 511 1012 non
544 970 681 1012 solum
714 969 963 1012 britannicis
994 970 1071 1012 sed
1102 970 1230 1012 etiam
1260 970 1506 1023 hibernicis,
1537 972 1816 1025 comprobant
1844 972 1944 1014 inde
1974 988 1999 1013 a
2029 972 2201 1014 saeculo

218 1050 389 1088 ,octavo
419 1043 489 1085 vel
519 1057 646 1085 nono.
705 1042 825 1085 Libri
855 1042 1096 1095 britannici,
1128 1051 1215 1085 tam
1245 1043 1449 1085 cambi-ici
1481 1058 1607 1098 quam
1638 1044 1871 1096 aremorici,
1902 1044 1986 1085 iam
2017 1059 2068 1087 eo
2097 1054 2201 1087 tem-

235 1131 338 1171 pore
375 1116 419 1157 in
451 1116 592 1167 sonis,
631 1115 703 1170 qui
735 1121 973 1170 congruunt
1011 1129 1105 1159 cum
1145 1115 1264 1159 sonis
1299 1116 1519 1157 nominum
1552 1116 1883 1158 britannicorum
1923 1117 2203 1159 vetustiorum

237 1197 280 1231 et
308 1188 578 1244 gallicorum,
610 1194 736 1244 atque
765 1187 811 1229 in
842 1189 988 1231 formis
1019 1188 1304 1245 grammaticis
1333 1194 1495 1230 tantam
1526 1187 1807 1231 differentiam
1844 1204 1948 1245 prae
1980 1204 2026 1232 se
2064 1189 2204 1232 ferunt

235 1276 261 1303 a
290 1262 407 1303 sonis
445 1268 486 1303 et
524 1261 668 1304 formis
700 1261 952 1316 scriptorum
987 1261 1303 1304 hibernicorum
1345 1261 1533 1303 eiusdem
1569 1261 1792 1317 temporis,
1833 1269 1877 1304 ut
1919 1263 2035 1306 nullo
2076 1263 2201 1305 modo

236 1335 361 1377 statui
393 1335 531 1390 possit
561 1335 671 1376 inter
699 1334 930 1376 Britannos
970 1340 1013 1376 et
1038 1333 1256 1377 Hibernos
1294 1334 1465 1389 linguae
1495 1335 1795 1377 commercium
1834 1350 1884 1377 ea
1923 1345 2079 1388 aetate,
2122 1351 2202 1378 nec

236 1422 336 1463 ergo
377 1408 503 1450 etiam
543 1414 678 1450 aetate
714 1407 847 1449 multo
877 1408 1127 1456 vetustiore,
1169 1408 1362 1464 quamvis
1395 1415 1611 1462 utramque
1643 1407 1871 1449 dialectum
1909 1409 1978 1450 vel
2017 1410 2201 1464 linguam

235 1481 335 1536 (hac
364 1493 471 1523 voce
502 1481 614 1522 enim
643 1488 738 1522 utar
768 1481 963 1524 consulto
1002 1482 1055 1523 ob
1085 1480 1197 1523 hane
1225 1480 1535 1535 diversitatem)
1576 1494 1628 1522 ex
1667 1494 1750 1521 uno
1789 1480 1904 1522 sonte
1936 1487 2068 1523 ortam
2106 1495 2203 1523 esse

239 1554 350 1596 clare
388 1561 542 1610 pateat.
611 1553 775 1597 Poterit
805 1554 1003 1596 affirmati
1043 1554 1177 1596 maior
1216 1553 1454 1596 differentia
1489 1554 1599 1595 inter
1639 1553 1825 1607 linguam
1863 1553 2123 1596 hibernicam
2162 1560 2206 1595 et

239 1627 535 1679 britannicam,
574 1641 701 1682 quam
731 1629 843 1670 inter
872 1628 1116 1670 soandicam
1149 1632 1363 1669 vetustam
1392 1627 1459 1668 vel
1493 1627 1743 1668 islandicam
1774 1633 1817 1667 et
1846 1633 2010 1669 ceteras
2040 1639 2206 1682 germa-

234 1700 354 1743 nicas
393 1700 616 1753 dialectos,
664 1701 736 1742 vix
771 1707 913 1743 tamen
951 1708 1070 1743 tanta
1107 1707 1263 1757 quanta
1304 1700 1465 1742 obtinet
1503 1699 1615 1740 inter
1644 1699 1831 1753 linguam
1861 1699 2107 1742 lituanicam
2133 1694 2205 1741 vel

236 1774 473 1829 prussicam
503 1779 717 1815 vetustam
749 1780 790 1816 et
820 1773 1035 1817 slavicam.

352 1845 562 1890 Gallicam
596 1854 736 1889 autem
765 1847 954 1903 linguam
984 1847 1184 1904 priscam,
1218 1859 1328 1901 quae
1358 1854 1455 1902 poet
1485 1845 1698 1887 interitum
1731 1845 1900 1901 imperii
1919 1844 2206 1888 Romanorum

234 1927 276 1961 et
305 1919 573 1962 invasionem
602 1919 865 1963 Francorum
902 1921 1061 1963 sensim
1099 1919 1232 1962 cessit
1270 1933 1409 1961 novae
1438 1918 1678 1960 romanicae
1714 1925 1831 1959 ortae
1869 1918 1914 1959 in
1955 1918 2201 1974 regionibus

234 1992 419 2048 gallicis,
454 1993 490 2034 si
521 2006 607 2035 non
637 1992 717 2035 fuit
746 1993 891 2036 eadem
924 2007 1033 2050 quae
1052 1993 1303 2044 britannica,
1335 1991 1436 2034 huic
1459 1997 1601 2034 tamen
1632 1992 1880 2035 viciniorem
1911 1991 2044 2034 fuisse
2076 2007 2201 2048 quam

232 2065 490 2118 hibernicae,
521 2065 628 2108 haec
657 2066 927 2122 potissimum
958 2065 1205 2109 ostendunt:

351 2142 384 2179 1.
419 2138 709 2194 Congruentia
742 2153 938 2181 sonorum
971 2139 1246 2194 quorundam,
1279 2138 1432 2194 quibus
1465 2137 1605 2179 differt
1633 2138 1868 2189 hibernica,
1900 2153 1935 2180 e.
1960 2153 2019 2194 gr.
2050 2138 2095 2180 in
2125 2153 2201 2180 no-

237 2213 421 2254 minibus
455 2213 622 2268 gallicis
643 2212 810 2264 Litana,
842 2213 1105 2265 Litaviccus,
1139 2226 1247 2268 quae
1270 2218 1369 2253 sunt
1389 2211 1527 2252 adhuc
1548 2211 1787 2253 britannice
1808 2211 1891 2253 adi.
1917 2212 2033 2263 litare,
2066 2212 2201 2254 subst.

234 2285 349 2339 litam,
386 2287 462 2328 sed
492 2285 712 2329 hibernice
743 2286 892 2337 lothan,
926 2285 1043 2337 letha,
1076 2299 1185 2341 quae
1216 2285 1415 2340 inprimis
1444 2283 1795 2326 animadvertitur
1823 2285 1867 2326 in
1903 2284 2080 2326 vocibus
2112 2285 2201 2339 gal-

234 2360 329 2401 licis
361 2370 403 2401 et
434 2358 698 2411 britannicis,
734 2374 768 2400 e.
802 2372 863 2414 gr.
894 2358 938 2400 in
968 2357 1172 2400 Petuaria
1219 2358 1478 2413 petorritum,
1513 2357 1790 2414 pempedula,
1823 2356 2048 2400 Penninus
2080 2357 2201 2410 deus,

236 2433 476 2474 Penninum
514 2433 680 2487 iugum,
720 2431 892 2487 Epona,
934 2430 1185 2487 Eporedici,
1223 2431 1679 2488 Epomanduodurum,
1712 2431 2066 2472 convenientibus
2107 2444 2201 2472 oum

237 2507 461 2548 canibricis
490 2514 641 2561 petuam·
672 2504 928 2561 (quattuor),
954 2506 1076 2560 pi‘mp
1105 2504 1357 2560 (quinque),
1393 2519 1500 2559 perm
1529 2503 1715 2560 (caput),
1744 2517 1792 2558 ep
1823 2504 1868 2544 in
1902 2503 2032 2545 deriw
2065 2504 2200 2559 epazcl,

235 2579 355 2621 ebaal
384 2578 590 2635 (pullus),
636 2593 731 2620 cum
761 2577 983 2620 hiberniae
1014 2576 1070 2620 sit
1098 2592 1139 2627 c,
1173 2578 1221 2618 ck
1250 2581 1327 2634 p'ro
1354 2591 1386 2632 p
1423 2577 1467 2618 in
1498 2577 1672 2619 iisdem.
1716 2583 1758 2617 ut
1788 2575 1914 2618 cathir
1943 2575 2196 2632 (quattuor),

234 2653 317 2693 co'ic
347 2650 597 2708 (quinque),
631 2666 730 2693 cerm
761 2651 954 2707 (caput),
988 2650 1056 2691 ech
1088 2649 1279 2706 (equus).
1345 2650 1441 2692 Non
1473 2651 1663 2692 concedo
1696 2649 1975 2691 differentiam
2017 2649 2201 2704 gallicae

236 2725 410 2781 linguae
442 2739 467 2766 a
495 2724 738 2766 britannica
768 2732 812 2765 et
840 2723 1159 2779 congruentiam
1187 2733 1283 2764 'cum
1308 2723 1527 2765 hibernica
1557 2723 1600 2764 in
1630 2723 1839 2778 particula
1868 2736 1935 2762 sn-
1964 2722 2010 2762 in
2031 2736 2202 2778 compo-

237 2797 332 2839 sitis
363 2796 646 2850 Suessiones,
688 2796 918 2848 Suanetes,
959 2809 1056 2838 cum
1087 2795 1236 2838 eadem
1270 2811 1352 2838 vox
1386 2797 1443 2837 sit
1472 2794 1691 2837 hibernico
1729 2810 1811 2848 sve,
1842 2809 1922 2844 soa
1962 2795 2202 2837 britannice

237 2877 377 2912 autem
408 2870 490 2922 Ιιο-,
521 2871 602 2922 Ιιε-9
634 2870 718 2924 hya
782 2868 907 2911 Hanc
937 2868 1051 2912 enim
1082 2870 1108 2909 Ιι
1139 2882 1218 2924 pro
1246 2887 1265 2909 s
1296 2882 1393 2911 esse
1427 2868 1602 2910 serioris
1633 2868 1810 2924 originis
1840 2877 1968 2923 atque
1999 2883 2016 2907 ε
2054 2867 2200 2923 primi-

236 2943 363 2985 tivam
397 2943 638 2985 obtinuisse
666 2942 778 2998 apud
812 2940 1038 2983 Britannos
1068 2942 1207 2984 adhuc
1238 2942 1522 2984 Romanorum
1554 2953 1708 2993 aetate,
1743 2941 1867 2982 docet
1897 2954 2050 2982 nomen
2083 2940 2199 2981 fluvii

239 3013 435 3068 Sabrina,
466 3016 578 3071 quod
612 3014 872 3070 posteriores
901 3013 1097 3057 Britanni
1137 3020 1179 3056 et
1218 3014 1412 3056 hodierni
1451 3014 1669 3070 proferunt
1701 3012 1864 3067 Hssfi‘ffff'?
1895 3014 1957 3069 (p.
1993 3013 2113 3067 122),
2158 3021 2202 3054 ut

238 3102 392 3130 nomen
427 3088 570 3144 populi
603 3088 696 3129 brit.
730 3085 972 3139 ,Σελγοηῢαι
1007 3087 1121 3143 apud
1151 3086 1261 3129 Ptol.
1295 3094 1440 3129 servat
1470 3087 1598 3128 etiam
1627 3102 1646 3126 ⁸
1678 3100 1752 3141 pro
1781 3087 1804 3126 h
1839 3085 2032 3127 hodierni
2063 3085 2164 3127 subs

238 3162 332 3203 brit.
365 3162 445 3213 hel,
478 3161 566 3215 hely
597 3160 704 3216 (bib.
736 3159 839 3214 sely,
875 3158 1081 3214 venatio),
1142 3159 1444 3202 Vetustissima
1487 3165 1626 3202 autem
1666 3164 1733 3201 est
1772 3159 1883 3201 haud
1923 3158 2050 3200 dubie
2079 3159 2106 3200 d

239 3234 374 3276 rentia
405 3248 601 3276 sonorum
630 3250 660 3289 p
689 3241 731 3276 et
761 3248 798 3284 c,
840 3240 883 3275 et
912 3232 1076 3275 obtinet
1103 3233 1149 3274 in
1182 3233 1365 3276 diversis
1396 3234 1557 3289 linguis
1588 3232 1839 3288 antiquitus,
1882 3247 1917 3272 e.
1950 3243 2009 3286 gr.
2041 3231 2094 3272 >in
2125 3231 2198 3272 lat.

239 3313 446 3361 quattuor,
477 3306 624 3348 lituan.
646 3306 822 3359 Isauras,
855 3313 898 3348 et
927 3321 1054 3361 germ.
1075 3306 1217 3357 fidvor
1247 3304 1310 3360 (τ
1327 3308 1510 3361 permar),
1543 3307 1612 3358 lat.
1644 3306 1824 3360 quinque
1853 3305 1912 3357 (x
1938 3305 2082 3358 einen),
2114 3303 2198 3345 hib.

243 3381 339 3431 «vdie,
374 3386 411 3421 et
444 3395 571 3435 germ.
592 3380 699 3434 ‚fimf
723 3380 784 3433 (π
813 3378 963 3435 Ῑνίηιγ).

359 3453 397 3494 2.
440 3451 650 3496 Sonorum
683 3453 831 3495 eadem
860 3452 1105 3507 progressio
1135 3452 1187 3493 in
1218 3452 1364 3507 lingua
1393 3452 1631 3495 britannica
1660 3458 1786 3506 atque
1816 3452 1859 3492 in
1889 3451 2045 3506 gallica
2073 3450 2199 3492 etiam
