2336 3736
543 255 624 298 111.
660 259 695 297 1.
742 266 1028 297 mmmmm-2
1059 266 1290 295 venssALns
1321 264 1611 295 mammon.
1739 254 1932 295 (412-413)
1978 254 2056 294 411

90 382 240 438 partim
273 380 444 436 supplet
465 380 675 422 defectum
695 377 836 419 futuri.
888 377 939 420 In
969 377 1280 433 imperativi
1311 377 1455 421 formis
1488 377 1670 419 servatis
1699 376 1965 420 concordant
1981 377 2062 433 lin—

89 464 199 505 guae
228 448 405 490 celticae
436 445 533 489 oum
564 447 682 499 alim,
715 445 964 487 discordant
994 452 1132 487 autem
1162 444 1369 486 varietate
1395 444 1740 486 terminationum
1770 444 2063 495 infinitivi,

91 517 162 572 qui
182 516 396 572 principio
420 520 484 556 est
505 513 638 555 solius
661 513 900 568 praesentis
923 513 1062 564 activi,
1096 520 1138 554 et
1159 513 1394 554 secundum
1414 512 1573 554 formae
1596 513 1845 554 varietatem
1877 519 1919 554 et
1941 528 2063 554 usum

94 584 237 639 potius
268 589 333 624 est
364 581 590 623 dicendum
623 580 936 622 substantivum
966 581 1151 622 verbale.
1221 579 1527 635 Participia
1567 585 1714 620 exta-nt
1744 580 1905 634 passivi
1939 595 2062 636 prae-

88 651 201 693 teriti
233 656 276 692 et
300 649 594 697 necessitatis,
628 648 705 689 sed
734 648 896 689 nullum
924 649 1077 693 activi,
1110 663 1165 689 ne
1195 646 1436 703 praesentis
1467 647 1658 702 quidem3
1699 654 1798 688 sunt
1827 654 1967 688 tamen
2000 647 2063 688 hi-

89 718 289 765 bernicae
320 722 516 758 vetustae
546 715 708 756 formae
738 716 936 771 propriae
966 715 1183 758 relativae.
1217 714 1456 771 praesentis
1488 721 1530 755 et
1549 713 1678 755 futuri
1709 713 1802 767 (vix
1829 714 2061 769 praeteriti)

88 785 309 840 utriusque
336 783 513 835 numeri,
545 797 654 838 quae
684 782 1006 838 participiorum
1036 782 1124 824 fere
1154 783 1248 824 vice
1281 782 1523 836 funguntur.
1584 779 1652 822 De
1682 795 1882 833 numero,
1916 795 2060 836 perso-

86 853 167 905 nis,
200 852 331 894 verbo
354 851 495 893 activo
516 849 741 891 transitivo
773 855 816 891 et
835 850 1106 892 intransitivo
1138 849 1207 891 vel
1227 855 1390 898 neutro,
1421 862 1530 903 quae
1560 848 1704 889 omnia
1726 856 1826 889 sunt
1855 862 1897 888 ut
1928 847 1971 888 in
1994 862 2062 888 ce·

84 920 188 961 teris
210 917 380 974 linguis,
412 931 499 958 non
522 922 587 957 est
608 917 722 971 quod
744 924 1017 969 memoretur3
1049 923 1214 959 tantum
1236 916 1526 957 adnotandum
1549 922 1614 957 est
1642 914 1858 970 propriam
1889 914 2062 956 formam

86 987 334 1029 refiexivam
364 984 561 1027 celticam
601 998 688 1025 non
718 985 854 1039 magis
893 999 990 1027 esse
1026 985 1147 1026 verbi
1188 998 1313 1039 quam
1345 982 1632 1038 pronominis,
1671 994 1713 1024 et
1751 983 1960 1024 actionem
1999 998 2063 1023 re-

85 1054 285 1096 flexivam
315 1052 385 1094 vel
414 1051 678 1107 reciprocam
709 1051 892 1107 indicari
923 1059 996 1093 aut
1023 1050 1291 1108 pronominis
1314 1049 1527 1090 communi
1551 1050 1685 1091 forma
1716 1050 1808 1090 eius
1840 1065 2063 1104 personae,

86 1136 194 1176 quae
232 1121 277 1163 in
316 1134 363 1162 se
401 1119 508 1174 agit,
548 1125 621 1160 aut
664 1118 875 1174 particula
911 1121 989 1159 im-
1027 1118 1287 1174 praeposita.
1362 1116 1561 1172 Denique
1595 1116 1705 1158 sicut
1735 1116 1926 1160 nomina.
1967 1123 2065 1158 sunt

88 1188 214 1229 etiam
250 1187 382 1229 verba
419 1185 630 1242 quaedam
670 1201 695 1227 a
730 1187 944 1228 communi
982 1186 1182 1228 flexionis
1223 1183 1372 1240 regula
1400 1183 1664 1226 recedentia.
1707 1192 1790 1224 tam
1831 1184 2061 1234 hibernica,

90 1270 217 1310 quam
254 1254 516 1306 britannica,
563 1253 673 1295 inter
714 1268 823 1309 quae
864 1254 1035 1296 verbum
1069 1252 1382 1295 substantivum
1426 1266 1513 1292 non
1552 1251 1689 1293 solum
1726 1251 1947 1292 formarum
1990 1250 2063 1293 sed

86 1323 214 1364 etiam
243 1322 437 1364 radicum
468 1321 674 1363 varietate
706 1321 938 1376 praecellit.

197 1389 332 1444 Viget
360 1404 437 1444 per
465 1395 676 1444 tempora,
710 1404 819 1444 quae
850 1390 1198 1440 memoravimus,
1230 1387 1397 1429 flexio
1428 1387 1759 1442 personalis„
1804 1402 1882 1429 sua
1913 1401 2062 1443 quam-

85 1473 166 1513 que
197 1471 426 1514 personam
456 1457 757 1498 terminatione
790 1457 1052 1511 sigm'ficmns7
1087 1457 1155 1498 cui
1188 1456 1360 1511 saepius
1391 1461 1492 1497 nota
1513 1456 1822 1511 pronominalis
1853 1455 2063 1511 amplians

85 1524 146 1580 (p.
171 1523 292 1578 3:24),
336 1525 471 1566 rarius
505 1539 738 1579 pronomen
773 1524 996 1579 personale
1031 1525 1170 1579 ipsum
1202 1523 1389 1566 additur:
1435 1538 1546 1579 quae
1575 1524 1701 1565 flexio
1735 1530 1800 1565 est
1829 1524 2064 1566 communis

85 1592 276 1633 affinium
318 1591 560 1645 linguarum
597 1592 796 1633 omnium.
866 1590 975 1634 Sunt
1015 1602 1154 1633 autem
1194 1591 1276 1632 iam
1318 1593 1360 1632 in
1402 1593 1585 1634 vetustis
1623 1592 1907 1633 monumentis
1944 1592 2066 1634 initia

83 1659 282 1715 propriae
330 1660 552 1702 cuiusdam
591 1660 833 1715 linguarum
875 1660 1118 1701 colticarum
1166 1659 1429 1700 flexionis
1478 1660 1820 1715 impersonali
1840 1676 1879 1709 s7
1927 1660 2064 1715 magis

82 1726 304 1782 magisque
344 1727 651 1769 invalescentis
702 1728 746 1768 in
788 1727 983 1769 dialectis
1031 1728 1361 1769 recentioribus:
1411 1742 1485 1781 per
1530 1742 1657 1782 quam
1701 1727 1927 1769 flexionem
1973 1727 2065 1777 sola

83 1794 210 1836 tertia
239 1794 447 1850 cuiusque
478 1796 685 1847 temporis
717 1810 905 1850 persona
935 1794 1167 1850 singularis
1191 1794 1428 1841 adhibet-ui,
1462 1800 1627 1837 ceterae
1658 1810 1869 1851 personae
1900 1794 2065 1850 signifi-

83 1867 234 1903 cantur
288 1862 444 1903 additis
492 1863 814 1918 pronominibus
864 1862 1175 1918 personalibus.
1249 1860 1374 1914 Quae
1415 1863 1670 1917 pronomina
1712 1863 1852 1917 infigit
1896 1868 2066 1905 vetusta

80 1929 229 1985 lingua
258 1928 303 1969 in
325 1932 498 1985 passivo
523 1931 614 1972 solo
647 1930 889 1985 (hibernica
921 1930 1050 1972 etiarn
1080 1930 1124 1970 in
1149 1929 1262 1971 verbi
1298 1929 1559 1971 substantivi
1588 1929 1734 1972 formis
1766 1930 2064 1986 quibusdam),

80 1996 207 2038 huius
230 2011 331 2038 vero
353 1998 524 2052 generis
554 1998 682 2039 flexio
714 1998 931 2053 primitiva
963 1997 1202 2053 personalis
1235 1997 1406 2053 propria
1436 1997 1511 2038 illa
1531 2011 1814 2053 personarum
1845 1997 2063 2052 significa-

82 2063 197 2105 tione
220 2062 305 2105 iam
328 2063 487 2106 destrui
520 2072 675 2120 coepta
695 2073 762 2107 est
791 2071 875 2108 tam
908 2066 951 2106 in
975 2072 1144 2107 vetusta
1163 2065 1396 2115 hibernica,
1429 2080 1538 2121 quae
1566 2064 1688 2106 iuxta
1716 2065 1885 2106 tertiam
1918 2065 2065 2120 singu-

78 2131 180 2173 laris
210 2131 375 2173 numeri
405 2133 575 2174 tertiam
605 2133 784 2188 pluralis
824 2133 901 2174 sed
930 2148 1017 2174 non
1048 2141 1213 2174 ceteras
1256 2132 1301 2173 in
1333 2131 1549 2174 communi
1580 2147 1659 2173 usu
1691 2133 1898 2183 servavit,
1938 2147 2065 2188 quam

78 2198 122 2239 in
154 2198 383 2251 cambrica,
415 2214 524 2255 quae
556 2200 692 2242 solam
721 2200 809 2242 fere
841 2201 1009 2242 tertiam
1043 2200 1272 2254 singularis
1304 2199 1491 2241 retinuit.
1552 2199 1783 2241 Recentior
1813 2200 1962 2254 lingua
1990 2200 2064 2240 ad-

78 2265 183 2308 dens
221 2265 382 2308 formas
421 2266 718 2321 pronominum
756 2267 976 2309 absolutas
1017 2267 1070 2308 ad
1111 2267 1290 2308 verbum
1329 2267 1479 2308 tertiae
1516 2281 1748 2322 personae,
1797 2282 1884 2308 non
1927 2266 2064 2307 solum

79 2332 124 2373 in
158 2334 335 2388 passivo
375 2334 451 2376 sed
490 2335 616 2376 etiam
659 2334 704 2375 in
743 2334 902 2386 activo,
951 2349 1117 2376 omnem
1157 2334 1380 2375 flexionem
1425 2334 1693 2388 personalem
1732 2333 1829 2389 plus
1867 2334 2064 2375 minusve

81 2400 279 2456 perdidit.

198 2465 244 2509 E⁴
269 2467 491 2523 particulis
524 2469 697 2510 verbum
731 2468 1034 2510 comitantibus
1072 2470 1307 2510 communis
1340 2470 1563 2524 utriusque
1598 2469 1767 2524 linguae
1809 2475 1875 2510 est
1904 2483 1990 2509 una
2020 2483 2064 2508 ro

85 2540 187 2575 nota
217 2534 399 2576 actionis
430 2535 666 2590 perfectae,
699 2550 952 2591 quamquam
983 2536 1091 2578 haec
1123 2537 1217 2591 ipsa
1251 2536 1395 2578 deficit
1424 2542 1562 2578 aetate
1593 2536 1849 2586 recentiore3
1890 2535 1934 2576 in
1968 2535 2063 2576 aliis

77 2602 354 2658 temporibus
387 2602 581 2643 diversae
612 2602 901 2644 inveniuntur.

481 2827 517 2874 I.
573 2827 925 2876 Particulae
964 2829 1242 2877 verbales
1281 2829 1658 2875 hibernicae.

196 2937 307 2980 Sunt
335 2938 412 2980 RU
450 2939 537 2993 (ro)
572 2945 614 2980 et
643 2938 726 2981 NU
760 2940 852 2993 (no)
884 2947 1010 2982 notae
1044 2941 1227 2983 usitatae
1260 2941 1333 2982 illa
1365 2940 1546 2981 actionis
1577 2940 1814 2995 perfectae,
1852 2940 1956 2981 haec
1994 2940 2055 2980 in-

78 3005 214 3046 fectae
247 3006 466 3060 (inficiens
491 3006 700 3061 utraque),
736 3021 912 3062 quarum
945 3008 1060 3063 prior
1090 3008 1203 3049 haud
1226 3008 1352 3049 dubie
1386 3007 1575 3048 eiusdem
1609 3007 1787 3061 originis
1810 3008 1931 3048 cuius
1964 3022 2059 3060 par—

80 3072 211 3113 ticula
240 3073 456 3115 intensiva
497 3073 570 3126 (cs.
605 3074 961 3129 compositionem
996 3075 1297 3130 particularum
1329 3073 1536 3128 insepar.)
1578 3074 1838 3115 conferenda
1867 3089 1962 3116 esse
2000 3074 2058 3114 ‘ri-

79 3139 201 3181 detur
231 3155 325 3182 cum
355 3140 426 3181 lat.
452 3155 569 3195 p1·0-,
603 3146 688 3196 got.
713 3140 812 3194 fra-
846 3142 906 3197 (p.
931 3141 1030 3196 67),
1062 3142 1275 3197 posterior
1305 3150 1490 3196 cognata
1519 3156 1672 3196 graeco
1708 3142 1797 3192 νῦν,
1830 3142 1900 3183 lat.
1934 3156 2057 3191 manv,

76 3212 158 3260 got.
192 3223 260 3247 nu.

185 3272 266 3315 RU
305 3273 325 3327 (
336 3274 586 3330 plerumque
619 3290 680 3327 ro,
725 3276 884 3317 rariore
923 3291 1002 3318 nec
1035 3277 1139 3318 satis
1171 3284 1287 3318 certa
1316 3277 1451 3318 forma
1482 3277 1560 3331 ra)
1600 3283 1702 3318 nota
1740 3277 1922 3318 actionis
1962 3290 2056 3329 per·

74 3340 571 3397 fectae,'praeterito
612 3343 881 3397 potissimum
921 3343 1085 3393 addita,
1136 3344 1354 3398 praecedit
1401 3351 1498 3386 ante
1546 3345 1720 3386 verbum
1764 3343 1963 3400 simpleX,
2012 3343 2056 3384 in

76 3408 203 3449 verbo
236 3405 476 3464 composito
509 3409 732 3452 intromitti
765 3410 875 3451 solet
906 3417 1004 3466 post
1034 3411 1409 3465 praepositionem.
