2336 3736
806 247 842 291 Ι.
875 250 911 290 1.
955 258 1016 288 nn
1043 256 1304 289 zmAcxsmo.
1954 241 2033 283 169

95 373 341 431 (ausculto).
378 373 605 428 taispenad,
636 387 730 428 gen.
758 371 956 426 taiepenta
986 367 1328 425 (demonstratio)
1357 366 1407 410 L.
1437 366 1597 421 Hymn.
1629 361 1711 418 (St.
1738 377 1782 419 p.
1808 360 1928 416 106),
1966 375 2033 402 ro-

89 443 272 497 thaispen
303 439 667 495 (demonstravit),
706 439 974 492 cotaiepeutar
1016 435 1169 491 (donec
1202 432 1528 486 demonstretur)
1560 428 1701 474 Corin.
1742 428 1829 484 (vv.
1856 429 2031 485 yailenq‚

89 507 481 563 Mmbasforosnaz),
511 506 607 549 hod.
628 503 906 556 taisbe'c'madh,
937 505 1206 546 mmmmm
1227 502 1333 546 O'R.
1370 518 1423 545 ex
1444 500 1615 556 antiquo
1636 497 1811 540 naidas-iu
1842 496 2035 551 (demon-

89 573 258 630 stratio)
287 572 387 616 Wb.
407 572 479 630 Sg.
517 572 613 616 hod.
631 571 913 626 fiasraz‘yhv'clh
933 571 1158 627 (quaestio,
1192 568 1414 628 quaerere)
1445 583 1467 610 e
1485 565 1776 622 fiarsbz‘yln‘dh,
1806 562 2035 619 neglegen-

87 641 171 685 tius
203 640 360 697 scripto
377 639 630 695 fiaossfaz'dhe,
657 638 888 693 fiatsaidhi
916 637 1081 681 O'Dav.
1112 638 1199 692 (vv.
1220 638 1527 692 frzscomarser,
1548 631 1805 687 fuit-medh),
1835 636 1919 672 vet.
1949 631 2035 670 iar-

77 698 227 764 faiyz'd
246 707 472 765 (quaestio,
503 706 744 764 inquisitio)
763 704 842 748 Ml.
883 720 1038 762 easp09‚
1069 705 1209 761 eas-bos]
1239 704 1306 759 (ut
1324 702 1473 758 hodie)
1496 701 1556 746 St.
1579 701 1634 758 gl.
1656 700 1748 743 982.
1772 698 1867 750 448,
1898 703 2034 739 trans-

90 775 277 832 positum
307 789 360 817 ex
389 788 500 830 escop
531 772 668 831 Oeng.
696 771 787 815 Fel.
817 787 894 829 pro
923 778 1007 815 vet.
1039 787 1179 828 epscop
1208 765 1481 828 (episcopus)
1511 767 1609 812 Wb.
1650 767 1699 809 L.
1730 767 1876 809 Ardm.
1947 766 2032 808 Ac-

89 842 201 885 cedit
229 839 504 899 transpositio
533 840 696 884 vocalis
728 841 772 882 in
792 840 1079 896 coareayhadh
1104 838 1336 894 O’Mossuy,
1366 836 1464 880 hod.
1485 835 1776 891 coisiviyheadm
1806 833 2035 888 coe'aeriyhim

91 905 388 965 (consecratio,
419 907 644 963 consecro)
676 913 824 950 contra
852 908 1097 964 coz‘serydais
1127 902 1475 963 (consecrabant)
1507 901 1649 946 Corm.
1678 917 1717 945 v.
1743 901 1882 952 Mairt,
1912 900 2035 941 ooise-

85 977 188 1019 eracl
217 975 524 1031 (consecratio)
552 974 602 1018 L.
633 974 779 1017 Ardm.
815 975 864 1018 18
881 975 920 1016 b.
942 976 984 1028 1,
1016 975 1262 1016 comem-aim
1292 970 1538 1029 (consecro)
1569 968 1643 1025 Sg·
1703 967 2035 1012 Cambricum

84 1042 428 1100 transpositionis
461 1041 699 1098 exemplum
728 1044 841 1086 inest
868 1043 913 1085 in
932 1041 1103 1084 nomine
1134 1039 1407 1096 Corqualatyr
1435 1037 1485 1081 L.
1505 1037 1641 1080 Land.
1665 1037 1756 1090 124,
1787 1036 1901 1092 quod
1931 1033 2034 1077 scri-

83 1111 198 1155 bitur
228 1109 474 1166 coequalem-²3
510 1108 554 1152 in
590 1109 733 1153 chron.
765 1111 921 1153 cambr.
954 1108 1104 1165 (praef.
1136 1108 1199 1150 ed.
1229 1107 1335 1164 Leg.
1364 1104 1493 1161 XV);
1527 1103 1817 1148 aremorica
1846 1101 1891 1144 in
1921 1116 2034 1144 com-

85 1178 278 1236 pluribus
301 1192 353 1220 ex
374 1177 517 1220 eadem
539 1193 644 1222 voce
668 1178 850 1234 (walam
867 1177 1057 1233 yucdatr)
1080 1173 1347 1232 compositis:
1367 1171 1622 1216 Rezlzwalacr
1643 1171 1772 1214 chart.
1788 1170 1922 1214 Rhed.
1942 1171 1978 1223 1,
1995 1172 2034 1212 9.

83 1244 192 1288 Mor.
215 1246 309 1288 293.
349 1244 636 1287 Redeo-alacrus
666 1245 704 1297 2,
735 1245 799 1287 23.
839 1244 1094 1285 Rimalacrus
1127 1244 1165 1295 1,
1190 1243 1253 1295 14,
1286 1241 1359 1284 sed
1393 1240 1673 1283 Bet-chwalart
1704 1241 1738 1291 1,
1761 1238 1799 1280 9.
1843 1237 2035 1279 Roth-wa·

96 1313 176 1354 len-z
210 1313 244 1365 1,
277 1314 314 1354 7.
346 1312 412 1355 38.
451 1311 716 1368 Reityualart
751 1311 860 1354 Mor.
889 1310 984 1353 340.
1021 1309 1226 1352 Rae-alara
1256 1310 1294 1362 2,
1319 1311 1383 1352 15.
1442 1307 1526 1350 His
1558 1307 1858 1350 conferendum
1888 1312 2037 1346 estex

91 1379 188 1434 ipsa
208 1379 410 1435 gallica
429 1386 573 1422 vetere
594 1378 899 1421 Relatum-dus
921 1376 1051 1421 Orell.
1078 1378 1182 1419 1966
1206 1377 1230 1417 i.
1255 1392 1292 1432 q.
1317 1375 1617 1419 Relatucadrus
1636 1374 1692 1431 fq.
1716 1372 1892 1430 (Glack.
1911 1385 1954 1428 p.
1975 1370 2035 1424 6),

82 1446 169 1490 nisi
199 1445 426 1503 sculptoris
458 1445 608 1489 vitium
628 1444 895 1488 statuendum
917 1451 994 1487 est.
1040 1443 1126 1489 Sed
1158 1444 1284 1487 etiam
1313 1443 1550 1495 comica,
1582 1457 1690 1499 quae
1729 1454 1895 1496 semper
1924 1437 2035 1480 eins-

83 1511 199 1557 modi
229 1514 469 1556 iunctiones
500 1527 696 1571 separare
729 1512 1043 1565 consuevisset,
1075 1518 1214 1554 tamen
1245 1511 1290 1553 in
1319 1526 1402 1553 uno
1434 1510 1626 1567 exemplo
1657 1521 1867 1551 consonas
1897 1511 2034 1547 trans-

81 1595 240 1637 ponere
271 1580 432 1623 maluit:
472 1579 616 1622 whelth
645 1579 874 1636 (narrati03
906 1578 1060 1622 cambr.
1082 1579 1255 1634 ehwecll)
1285 1578 1333 1621 P.
1360 1579 1450 1631 109,
1474 1579 1510 1631 3,
1548 1580 1606 1633 pl.
1627 1576 1829 1617 whethlow
1860 1572 1896 1629 (t
1921 1572 2036 1628 aspi-

80 1654 171 1690 rata
199 1655 371 1705 propter
400 1662 586 1704 sequens
618 1646 653 1702 l)
683 1646 740 1688 D.
764 1647 855 1688 369.

193 1712 390 1771 Denique
411 1714 604 1758 abiectae
634 1729 847 1757 consonae
870 1713 1063 1770 exempla
1083 1719 1229 1756 extant
1258 1712 1489 1756 aremorica
1509 1728 1574 1768 ap.
1596 1711 1724 1753 Dum.
1750 1716 1835 1764 pot,
1851 1707 1936 1763 μοι]
1955 1705 2036 1760 (fa-

81 1780 255 1837 mulus),
286 1782 343 1838 pl.
367 1784 493 1837 petri,
520 1781 669 1823 hender
697 1779 965 1837 (cognatus),
997 1780 1054 1836 pl.
1085 1779 1287 1833 Ισεηεῖίνυί,
1311 1795 1420 1836 prol)
1451 1779 1609 1837 (aptus,
1641 1797 1679 1812 =
1703 1774 1945 1834 proprius),
1986 1787 2036 1815 ac

85 1848 168 1890 iam
197 1848 242 1890 in
270 1849 379 1892 Buh.
424 1848 493 1892 lest
521 1846 687 1903 (navis)
719 1848 756 1901 8,
783 1848 845 1902 13,
877 1854 923 1890 ut
952 1848 1209 1891 cainbrieum
1239 1849 1348 1889 arad
1376 1846 1598 1905 (ara-trum)
1629 1845 1746 1888 iuxta
1776 1843 1927 1894 aradr,
1960 1840 2036 1883 sed

89 1931 216 1960 arem,
239 1931 354 1959 arar.

813 2027 862 2072 C.
906 2027 983 2071 De
1013 2029 1313 2071 zetacismo.

196 2118 267 2161 Ab
298 2118 601 2162 infectionibus
642 2118 728 2161 illis
767 2132 1071 2172 consonarum,
1112 2118 1164 2160 de
1203 2117 1356 2175 quibus
1394 2131 1523 2176 supra
1560 2120 1696 2157 actum
1727 2120 1810 2167 est,
1850 2113 2035 2177 propriis

78 2186 327 2229 celticarum
356 2186 593 2243 linguarum
623 2186 909 2229 recentiorum
940 2185 1263 2243 distinguendae
1294 2191 1391 2228 sunt
1419 2184 1500 2227 hae
1530 2197 1810 2227 consonarum
1839 2180 2036 2222 mutatio-

86 2268 176 2307 nes,
207 2252 415 2296 latissimo
445 2268 541 2296 cum
569 2268 647 2311 per
669 2253 774 2296 alias
796 2252 963 2308 linguas
993 2258 1084 2295 tum
1111 2268 1190 2310 per
1217 2253 1399 2296 slavicae
1429 2258 1638 2309 patentes»,
1671 2249 1747 2292 sed
1776 2264 1830 2291 ne
1860 2263 1885 2290 a
1916 2246 2032 2289 celti-

88 2320 150 2364 cis
183 2321 352 2377 quidem
380 2320 555 2374 alienae,
587 2335 693 2377 quas
714 2320 933 2363 zetacismi
959 2319 1130 2362 nomine
1159 2325 1258 2376 post
1278 2318 1595 2363 Schleicherum
1625 2317 1814 2374 plerique
1845 2330 2035 2372 compre-

79 2387 265 2431 hendere
288 2392 566 2441 consuerunt3
597 2402 702 2443 quas
722 2388 976 2431 mutationes
999 2388 1129 2430 efficit
1150 2389 1370 2443 sequensi
1398 2387 1573 2439 vocalis,
1605 2386 1695 2428 sive
1723 2390 1914 2427 servatur
1940 2383 2037 2438 ipsa

76 2455 168 2500 sive
210 2455 255 2499 in
293 2469 523 2498 consonam
566 2454 876 2511 transgreditur
919 2455 988 2498 vel
1032 2461 1117 2511 peu
1150 2455 1498 2498 assimilationem
1536 2453 1710 2510 deperit.
1790 2450 1827 2493 E
1869 2451 2032 2495 celticis

74 2530 211 2566 autem
239 2523 395 2579 linguis
427 2521 519 2565 sola
547 2529 713 2579 praeter
742 2522 939 2578 gallicam
971 2523 1179 2564 eiusmodi
1210 2522 1455 2565 affectiones
1487 2526 1704 2564 aversatur
1733 2520 1955 2572 cambrica,
1989 2519 2032 2560 in

76 2605 159 2647 qua
198 2590 301 2645 (nisi
329 2589 436 2632 forte
465 2591 504 2646 a)
540 2588 613 2632 vix
645 2589 774 2632 ullam
804 2591 899 2634 soni
928 2589 1225 2635 alterationem,
1251 2606 1276 2632 a
1307 2589 1550 2632 diversitate
1582 2589 1789 2631 vocalium
1820 2602 2032 2629 consonae

74 2658 270 2713 accipere
299 2657 517 2709 videntum
557 2657 782 2699 admittunt
818 2663 982 2700 ceterae
1015 2655 1183 2700 dialecti
1216 2672 1389 2710 omnes,
1429 2657 1509 2699 etsi
1551 2656 1730 2699 variatas
1772 2660 1962 2712 tempore
1993 2660 2034 2698 et

76 2725 185 2767 loco.
247 2723 356 2768 Cum
387 2725 497 2767 enim
528 2725 659 2769 huius
693 2725 930 2767 affectionis
962 2725 1117 2781 duplex
1147 2725 1411 2781 potissimum
1442 2724 1593 2780 modus
1625 2723 1699 2777 sit,
1733 2737 1815 2779 quo
1847 2727 1919 2764 aut
1947 2737 2034 2765 ser-

79 2798 201 2835 vatae
232 2792 466 2849 generatim
497 2808 711 2836 consonae
742 2792 911 2835 modice
942 2792 1181 2834 afficiuntur
1211 2792 1435 2834 subiuncta
1456 2791 1699 2834 semivocali
1731 2790 1822 2832 sive
1851 2797 1898 2849 ut
1917 2791 2035 2833 aiunt

78 2860 357 2911 ieriantur,
390 2867 462 2902 aut
492 2860 713 2917 deperdita
743 2861 997 2916 proprietate
1029 2860 1072 2901 in
1102 2875 1237 2902 novos
1270 2859 1475 2916 quosdam
1507 2873 1636 2901 sonos
1667 2858 2034 2914 transgrediuntur

83 2928 159 2969 vel
183 2927 403 2970 sibilantes
440 2928 507 2969 vel
539 2927 803 2975 assibilatos,
845 2942 952 2983 quae
992 2928 1087 2969 soni
1126 2928 1292 2969 affectio
1330 2929 1510 2970 maxime
1550 2926 1823 2967 zetacismi
1861 2926 2033 2970 nomine

72 2995 198 3049 digna
246 3001 330 3037 est:
385 2995 497 3050 prior
533 2995 607 3037 illa
644 3001 685 3037 et
724 2995 921 3037 subtiJior
955 2994 1135 3036 variatio
1175 2996 1270 3037 soni
1307 2993 1513 3050 (ivriatio)
1552 2995 1604 3036 ad
1640 3009 1784 3035 omnes
1823 3008 2032 3037 consonas

71 3062 311 3118 primitivas
342 3062 564 3119 pertinens
595 3078 670 3118 per
700 3062 957 3104 hibernicam
988 3062 1176 3118 linguam
1205 3062 1397 3118 pervasit
1424 3076 1504 3104 nec
1535 3062 1675 3104 aliena
1704 3068 1768 3104 est
1799 3062 1850 3103 ab
1873 3077 2033 3104 aremo-

67 3129 174 3181 rica3
199 3131 369 3171 alteram
392 3130 686 3173 violentiorem
708 3129 984 3172 mutationem
1006 3130 1300 3184 (zetacismum
1325 3129 1505 3184 verum),
1529 3145 1612 3185 qua
1632 3130 1676 3171 in
1698 3129 1870 3171 slavicis
1893 3135 2029 3184 guttu-

68 3195 181 3239 rales
224 3206 265 3239 et
302 3197 512 3249 dentales,
552 3198 595 3239 in
626 3197 789 3240 celticis
831 3197 1021 3239 dentales
1062 3197 1178 3239 solae
1216 3197 1472 3250 afficiuntur,
1516 3211 1570 3239 ne
1608 3196 1829 3240 hibernica
1866 3197 2032 3252 quidem

69 3264 184 3320 ipsa,
219 3280 324 3319 quae
356 3264 492 3307 minus
530 3265 569 3306 ei
597 3264 723 3317 favet,
755 3264 901 3319 utique
933 3265 1103 3317 vitavit,
1146 3264 1314 3306 dialecti
1348 3279 1447 3307 vero
1479 3263 1688 3321 quaedam
1718 3263 1831 3304 illius
1865 3263 2031 3319 linguae

70 3329 249 3372 eandem
280 3331 455 3386 perinde
487 3337 586 3373 sunt
614 3331 832 3389 amplexae
866 3337 991 3387 atque
1022 3332 1194 3374 comica
1225 3338 1265 3374 et
1296 3331 1540 3374 aremorica.

185 3396 485 3442 Hibernica
522 3397 633 3442 enim
665 3398 810 3457 lingua
836 3399 1048 3442 recentior
1079 3399 1255 3444 eandem
1294 3414 1421 3455 quam
1451 3398 1639 3441 slavicae
1670 3398 2025 3455 pronuntiationis
