2336 3736
341 218 423 260 796
469 221 680 260 (756-758)
729 218 781 261 V.
823 222 856 261 1.
902 232 1147 263 DERWATIO
1178 234 1370 268 ‹3121AEch
1399 237 1458 267 ET
1487 237 1733 268 mammen
1763 238 1984 270 mumma.

340 355 563 392 evanesco,
596 340 676 383 Ox.
709 343 761 382 6⁶.
791 343 842 383 5¹².
873 344 931 394 2⁵3
971 343 995 384 i.
1028 359 1061 386 e.
1093 344 1204 387 facio
1236 347 1485 402 auspicium,
1517 349 1777 399 contionem,
1819 349 2118 406 defectionem)
2147 352 2222 395 Ml.
2252 355 2303 397 2¹.

340 410 402 450 At
436 408 646 450 cambriea
677 409 782 452 haec
812 411 945 452 forma
975 411 1072 452 oriri
1104 413 1239 467 potuit
1271 430 1321 456 ex
1355 429 1497 470 -aqam
1529 416 1590 471 (p.
1618 415 1739 469 140),
1772 431 1854 458 non
1889 417 2025 473 potuit
2055 433 2106 460 ex
2139 419 2306 463 deriva-

341 476 452 517 tione
489 475 811 529 adiectivorum,
854 477 939 519 hib.
976 478 1092 529 -czclz,
1132 482 1284 525 cambr.
1317 498 1434 535 -mw,
1474 497 1526 525 ex
1559 497 1642 537 qua
1671 483 1884 525 cambriae
1925 483 2091 538 prodire
2122 485 2304 530 debebat

335 557 467 583 —ocam
497 543 615 597 (hod.
652 544 815 598 myas).
886 541 1035 596 Quare,
1062 547 1295 602 quaeritur,
1336 564 1389 589 an
1418 550 1552 591 forma
1583 549 1802 594 hibernica
1833 551 2004 593 diversa
2041 552 2094 594 ab
2124 552 2205 596 hac
2234 556 2301 608 sit,

335 609 513 664 originis
545 609 733 651 eiusdem
770 611 890 653 cuius
921 611 1054 654 forma
1083 614 1199 656 verbi
1234 616 1535 661 denominativi
1566 616 1717 659 neutri.

449 674 627 719 Conexa
659 677 865 720 derivatio
897 678 1110 721 invenitur
1130 682 1257 734 nulla,
1289 682 1373 724 nisi
1403 682 1510 724 forte
1531 682 1616 726 NG
1646 683 1759 724 inest
1791 683 1989 726 derivans
2021 685 2064 726 in
2085 686 2298 730 adiectivo

334 743 517 798 malarey,
550 745 738 800 tualainy
769 746 972 801 (gnarus)
1005 762 1071 803 pp.
1100 748 1164 789 22.
1190 749 1282 801 234,
1317 749 1360 790 in
1392 764 1475 805 quo
1495 750 1654 792 rectius
1686 751 1815 792 statui
1849 751 2013 793 videtur
2034 753 2298 809 compositio,

332 809 490 864 pariter
520 817 645 865 atque
677 813 721 853 in
752 812 948 855 thematis
969 814 1128 870 fulan‘q
1161 816 1304 871 (pati),
1337 832 1512 872 cumany
1542 817 1738 873 (valere),
1771 827 1956 874 neeman-9
1987 819 2237 876 (accidere).

995 996 1034 1035 4.
1081 994 1365 1037 Derivatio
1395 996 1644 1038 tenuium.

441 1078 476 1121 P
511 1082 861 1136 quemadmodum
894 1084 1115 1140 angustius
1146 1089 1263 1140 patet
1292 1084 1404 1127 inter
1423 1092 1586 1138 tenues,
1619 1086 1679 1127 ita
1698 1088 1833 1128 rarius
1857 1087 2057 1130 derivans
2086 1090 2301 1132 invenitur

328 1146 373 1188 in
403 1147 648 1190 nominibus
681 1150 861 1203 gallicis.
927 1150 1059 1193 Extat
1089 1152 1330 1195 combinata
1362 1168 1454 1194 cum
1492 1153 1628 1194 tribus
1669 1155 1889 1197 vocalibus
1927 1171 1974 1206 a,
2002 1158 2036 1208 -ί,
2070 1173 2108 1198 u.
2177 1156 2298 1199 AP-:

329 1213 523 1271 Menapii
546 1215 664 1272 (pop.
689 1217 820 1273 belg.)
844 1217 969 1261 Caes.
1021 1218 1229 1274 Monapia
1259 1219 1421 1274 (insula
1440 1235 1575 1276 prope
1596 1219 1724 1275 Brit.)
1748 1221 1858 1263 Ph'n.
1882 1224 1920 1275 4,
1948 1224 2010 1264 16.
2058 1219 2298 1276 Μαναπιά,

331 1278 575 1328 Μανάαιοι
604 1284 767 1339 (oppid.
802 1292 844 1326 et
875 1301 971 1341 pop.
1003 1285 1207 1342 Hibern.)
1237 1285 1347 1328 Ptol.
1391 1282 1451 1328 ‘in
1483 1302 1594 1344 pago
1626 1287 1917 1332 Madriacinse
1946 1289 2112 1342 vinias,
2146 1288 2300 1333 Cama-

327 1350 397 1405 pio
439 1356 480 1391 et
509 1345 719 1393 Niventis'
755 1352 856 1407 dipl.
889 1367 927 1394 a.
952 1355 1056 1405 775,
1097 1352 1261 1395 Mabill.
1295 1354 1396 1409 dipl.
1437 1369 1477 1410 p.
1509 1357 1604 1396 498.
1648 1349 1877 1413 ‘Gamapio
1909 1351 2013 1406 vit-40²
2054 1355 2224 1400 D’Ach.
2256 1358 2297 1411 ‘2,

329 1417 393 1458 86.
454 1417 552 1459 IP-:
596 1418 814 1475 Warsipio
845 1419 970 1474 (loc.)
1001 1420 1196 1465 Max-tene
1227 1423 1266 1474 2,
1289 1424 1354 1463 ⁶20.
1421 1421 1538 1465 UP-;
1577 1422 1791 1478 Rutupiae
1824 1424 1949 1478 (Brit.
1983 1424 2152 1480 oppid.)
2181 1424 2292 1468 Ptol.

325 1484 535 1526 Ammian.
570 1485 666 1526 Itin.
699 1486 825 1529 tellus
853 1486 1083 1544 Rutupina,
1116 1488 1357 1545 Rutupinus
1390 1505 1502 1545 ager,
1534 1490 1700 1533 Auson.
1732 1498 1896 1547 parent.
1930 1492 1968 1544 7,
1995 1491 2059 1533 18.
2121 1491 2299 1534 Conexa

327 1550 409 1592 MP
434 1552 626 1595 'fortasse
656 1555 701 1595 in
731 1569 842 1596 nom.
874 1556 972 1597 fluv.
1004 1554 1255 1612 Wartimpa,
1287 1557 1434 1600 Labbe
1467 1559 1503 1611 2,
1527 1559 1624 1600 665.

437 1721 734 1766 Hibernica
762 1725 906 1781 lingua
937 1725 1047 1767 hanc
1070 1733 1253 1777 tenuem,
1289 1742 1413 1782 quam
1444 1742 1498 1769 ne
1528 1727 1573 1769 in
1603 1726 1700 1782 ipsa
1730 1727 1899 1782 quidem
1928 1726 2072 1769 radice
2104 1729 2297 1770 servavit

322 1789 383 1845 (p.
414 1790 508 1844 66),
548 1790 721 1833 omnino
760 1793 900 1835 nescit
936 1793 1214 1835 derivantem.
1288 1795 1358 1835 Ad
1389 1794 1424 1836 P
1463 1810 1488 1836 a
1517 1795 1559 1848 Q
1594 1794 1829 1851 profectam
1868 1793 2050 1836 conferri
2091 1801 2291 1851 poterunt

326 1857 530 1912 quaedam
564 1859 760 1914 exempla
789 1860 874 1902 hib.
905 1875 938 1911 0,
969 1861 1016 1902 ch.
1049 1861 1303 1914 derivantis,
1335 1861 1640 1917 respondentia
1669 1860 1919 1903 britannicis
1949 1860 1994 1902 in
2020 1876 2050 1916 p
2081 1861 2147 1916 (b)
2178 1863 2292 1906 desi-

324 1924 537 1978 nentibus,
570 1933 616 1967 ut
643 1926 730 1969 hib.
762 1927 893 1979 eneeh,
926 1926 1021 1968 hod.
1054 1929 1228 1981 ez'neaclz,
1261 1943 1386 1970 arem.
1417 1943 1514 1985 emp
1544 1925 1734 1984 (facies).

436 2092 471 2135 Τ
501 2095 699 2137 derivans
730 2096 774 2137 in
809 2096 1051 2139 nominibus
1081 2098 1249 2153 gallicis
1287 2098 1354 2140 vel
1384 2097 1634 2141 britannicis
1665 2097 1846 2141 vetustis
1885 2097 1932 2151 a)
1965 2096 2192 2153 singularis
2220 2114 2290 2142 ac·

323 2160 480 2205 cedens
511 2163 563 2205 ad
586 2164 772 2206 radicem
802 2163 846 2205 in
867 2165 1001 2206 subst.
1026 2164 1145 2206 braca
1176 2165 1279 2219 (abl.
1303 2163 1558 2220 βρατωυὸε),
1590 2165 1635 2207 in
1656 2164 1905 2221 compositis
1924 2164 2288 2222 Bratuspantium,

325 2226 627 2285 Vergobretus,
663 2231 903 2274 ambactus*
934 2231 1073 2285 Caes,
1106 2231 1150 2273 in
1183 2233 1425 2275 nominibus
1458 2232 1621 2286 Celtus,
1654 2231 1851 2275 Celtillus
1883 2231 2028 2287 Caes.,
2061 2230 2286 2286 Conteaetos,

321 2294 494 2350 Meltus,
526 2296 723 2349 Crestus,
758 2297 946 2355 Graptus
979 2298 1113 2342 Inscr.
1148 2300 1298 2353 (Beitr.
1330 2300 1382 2342 V.
1406 2300 1500 2355 96),
1542 2300 1588 2342 in
1618 2301 1700 2343 adi.
1733 2307 1898 2357 ymetus
1927 2299 2144 2343 nominum
2174 2304 2288 2342 com—

320 2363 567 2419 positorum,
599 2373 645 2406 ut
675 2365 965 2422 Critognatus,
997 2367 1310 2423 Boduognatus
1345 2374 1423 2410 etc.
1456 2367 1518 2423 (p.
1543 2367 1631 2423 16),
1663 2382 1686 2410 e
1715 2367 1860 2410 radice
1877 2368 1965 2424 ymi
1992 2367 2055 2424 (p.
2078 2366 2173 2422 25);
2204 2367 2289 2410 for-

321 2437 439 2472 tasse
469 2431 512 2472 in
546 2433 787 2476 nominibus
820 2433 1116 2477 Verucloetius
1149 2433 1364 2490 (Helvet.)
1398 2434 1524 2478 Caes.
1569 2434 1883 2477 Indutiomarus
1906 2433 2044 2478 Caes.
2077 2432 2168 2477 Cic.

435 2497 478 2553 b)
515 2498 625 2542 Cum
656 2501 877 2543 vocalibus
917 2503 1122 2558 correptis
1161 2509 1243 2543 tam
1281 2502 1514 2544 terminalis
1545 2502 1744 2545 thematis
1788 2518 1913 2559 quam
1953 2509 2133 2558 excepta
2162 2516 2288 2546 voca-

319 2565 444 2607 libus.
503 2566 622 2609 AT-:
667 2569 919 2610 Atrebatum
956 2576 1088 2611 terras
1121 2578 1387 2626 pervaserat,
1431 2570 1575 2612 Sidon.
1607 2585 1732 2612 carm.
1759 2572 1795 2623 5,
1817 2570 1914 2612 212.
1954 2569 2151 2612 Abbatus
2183 2569 2285 2624 (vd.

319 2633 494 2686 Acatus,
528 2640 570 2676 at
590 2635 744 2690 Batus)
778 2652 936 2685 amens,
969 2636 1046 2679 Sil.
1080 2636 1168 2678 [tal.
1201 2640 1239 2690 4,
1262 2636 1356 2679 239.
1418 2637 1526 2679 Sunt
1546 2638 1730 2694 plurima
1758 2637 1933 2681 nomina
1950 2636 2156 2680 formulae
2187 2637 2286 2680 sim-

318 2700 446 2755 plicis
480 2702 548 2746 vel
580 2703 738 2745 mixtae
770 2718 864 2746 cum
885 2705 1119 2757 vocalibus,
1153 2706 1228 2747 sed
1261 2705 1332 2746 vix
1362 2705 1519 2760 poterit
1549 2705 1746 2747 affirmari
1777 2704 1938 2747 vocalis
1960 2721 1986 2746 α
2017 2711 2212 2761 correpta
2240 2705 2285 2748 in

318 2768 536 2811 omnibus:
567 2768 608 2808 Γ
608 2766 789 2809 machot
821 2772 975 2827 (pilati,
998 2788 1038 2828 p.
1062 2773 1150 2827 52),
1184 2768 1382 2815 Γαλάται
1418 2772 1525 2827 (rad.
1556 2771 1642 2813 hib.
1666 2773 1760 2814 brit.
1778 2773 1870 2828 yal)
1892 2771 2043 2827 Polyb.
2091 2772 2286 2816 Sematus

320 2834 453 2877 Inscr.
486 2835 640 2878 Murat.
668 2838 758 2889 167,
783 2838 819 2878 2.
861 2837 1070 2881 Liudatus
1103 2838 1224 2881 Grut.
1252 2840 1372 2892 1159,
1394 2839 1432 2881 9.
1479 2838 1637 2882 Sedato
1669 2839 1792 2895 (deo)
1822 2839 1962 2882 Inscr.
1998 2838 2130 2882 Orell.
2161 2840 2283 2882 2043.

319 2903 442 2944 4972.
481 2903 663 2946 Casatus
688 2903 818 2947 Orell.
847 2904 965 2949 1986.
1006 2905 1152 2949 Cirata
1175 2906 1303 2961 (fem,
1327 2906 1506 2962 Nervia)
1532 2905 1663 2949 Orell.
1684 2906 1808 2949 2976.
1847 2905 2014 2960 Cerate,
2037 2904 2284 2950 Ceratensis

320 2969 440 3012 vicus
472 2969 604 3027 Greg.
639 2971 738 3015 Tur.
790 2969 1043 3027 Βριουάτης
1075 2970 1241 3027 (λιμήν,
1275 2971 1386 3015 Gall.
1417 2972 1637 3029 Lugdun.)
1666 2973 1776 3016 Ptol.
1822 2973 1995 3016 Brivate
2027 2972 2158 3029 (nom.
2187 2973 2283 3016 Bri-

408 3118 424 3134 *
449 3118 485 3151 Si
510 3128 550 3152 ex
576 3118 860 3162 interpretatione
884 3119 1028 3164 gallicae
1054 3121 1146 3154 vocis
1171 3129 1301 3153 eatae-on
1326 3130 1380 3163 ap.
1405 3119 1495 3153 Plin.
1515 3122 1568 3160 25,
1587 3120 1624 3153 6:
1651 3121 1860 3154 ‘centaurion
1886 3121 1992 3154 nostri
2025 3120 2067 3154 fel
2093 3123 2202 3154 terrae
2228 3131 2281 3154 vo—

316 3166 397 3195 cant
421 3166 558 3206 propter
584 3164 849 3198 amaritudinem
876 3175 1064 3206 summam,
1096 3163 1192 3198 Galli
1215 3175 1361 3206 wacon,
1420 3165 1558 3199 uoniam
1585 3167 1699 3199 omnia
1723 3166 1814 3199 mala
1838 3166 2090 3200 medicamenta
2119 3167 2240 3210 potum
2264 3177 2283 3199 e

315 3217 454 3251 corpore
481 3210 597 3253 exigat
622 3220 682 3252 per
706 3208 839 3249 alvum',
866 3210 1023 3256 colligere
1048 3211 1166 3245 liceret
1191 3211 1338 3245 radicem
1364 3175 1522 3256 galina-am
1549 3221 1592 3244 ac
1616 3211 1758 3245 eandem
1785 3222 1887 3255 quam
1912 3211 1970 3246 lat.
1996 3221 2041 3256 aq
2064 3213 2208 3255 (agere),
2233 3210 2281 3245 fa-

316 3253 378 3286 cile
405 3256 495 3287 esset
523 3254 602 3287 inde
637 3256 860 3298 compositam
893 3266 1008 3289 vocem
1036 3255 1212 3289 ambaotus
1244 3258 1377 3304 putare.
1437 3256 1482 3289 At
1505 3256 1594 3290 alius
1619 3257 1721 3301 plane
1745 3256 1941 3292 intellectus
1966 3255 2085 3290 subest
2107 3255 2214 3291 radici
2239 3265 2282 3290 ae

316 3299 386 3330 tam
417 3298 452 3330 in
479 3298 655 3334 hibernica
681 3310 761 3334 voce
787 3303 923 3336 vetusta
947 3303 1054 3336 meme
1077 3304 1225 3347 (genus),
1264 3312 1367 3346 quam
1402 3301 1437 3334 in
1463 3302 1642 3337 cambricis
1665 3299 1730 3336 ach
1755 3303 1908 3347 (genus),
1940 3301 2086 3335 aesimon
2115 3302 2165 3342 (in
2214 3305 2280 3342 en).

315 3341 424 3382 Quare
449 3343 584 3378 facilius
609 3348 783 3388 repetetur
805 3347 930 3390 gallica
955 3356 1031 3387 vox,
1056 3358 1143 3391 quae
1169 3345 1340 3391 signifieat
1365 3347 1624 3388 circumactum,
1649 3348 1928 3388 circumeuntem,
1955 3358 1976 3380 a
1998 3347 2112 3382 radice
2137 3347 2172 3380 hi
2200 3374 2207 3382 .
2222 3358 2277 3393 aq,

315 3386 571 3431 significationis
598 3400 664 3423 non
691 3391 841 3425 diversae
868 3403 886 3424 a
912 3392 1030 3432 latina,
1057 3394 1093 3426 in
1118 3393 1279 3436 atomazy,
1305 3392 1442 3436 atobaz'q
1467 3393 1516 3436 (p.
1535 3395 1627 3435 328),
1653 3393 1793 3427 immact
1817 3394 1862 3436 (p.
1884 3395 1975 3435 455).
