2336 3736
337 266 371 307 Ι.
402 267 440 308 2.
484 275 717 307 CONSONAE
747 274 1046 306 an'rAchE
1075 272 1358 304 mcfloANTEs
1390 271 1648 302 ASPIRATAE.
1694 260 1878 300 (209·210)
1925 260 2000 301 193

75 389 321 446 Tanguntur
356 394 493 431 autem
531 386 788 444 aspiratione
825 386 940 429 solae
980 392 1128 428 tenues
1164 390 1247 427 tam
1285 382 1539 440 principales
1580 397 1702 438 quam
1738 382 1899 424 mediae
1936 381 2005 425 vel

74 457 223 499 finales
253 455 314 512 (p.
347 457 424 498 149
454 454 539 511 sq.)
603 454 670 499 De
699 453 848 496 mediis
879 452 962 495 alia
989 467 1036 495 ac
1068 452 1236 495 diversa
1262 451 1355 507 lege
1383 450 1427 492 in
1457 450 1662 507 aspiratas
1692 449 1859 491 mutatis
1897 449 2006 491 infra

76 524 304 566 disseretur
339 522 438 577 (sub
468 522 551 578 Q).
609 520 852 564 Ceterarum
885 534 1160 563 consonarum
1197 525 1242 560 ut
1271 519 1497 560 mediarum
1529 523 1569 560 et
1589 532 1640 571 m,
1674 531 1780 572 quae
1813 522 2004 573 expertes

78 596 176 633 sunt
203 589 486 646 aspirationis,
517 594 590 630 aut
619 594 875 631 servatarum
903 594 1002 644 post
1032 587 1199 630 easdem
1229 600 1368 639 voces,
1399 592 1469 628 aut
1496 585 1806 637 destitutarum,
1837 589 1883 625 ut
1910 593 2009 640 post

75 672 118 712 r,
151 663 222 700 aut
240 657 363 699 modo
394 656 683 699 destitutarum
712 655 834 697 modo
866 660 1122 697 servatarum
1153 653 1343 710 exempla
1370 652 1440 695 vel
1470 667 1597 709 supra
1624 651 1788 707 prolata
1817 657 1914 694 sunt
1942 651 2010 693 vel

78 724 187 767 infra
213 723 476 780 proferentur
515 722 589 777 (A.
620 722 654 764 I.
687 725 723 765 7.
760 723 814 767 A.
844 722 901 764 II.
936 724 971 764 1.
1004 723 1041 765 2.
1089 720 1138 765 C.
1168 720 1203 763 I.
1237 720 1335 776 11.).
1400 719 1607 776 Aspirant
1634 724 1802 762 tenuem
1832 734 2009 776 sequen-

78 799 161 835 tem
190 791 367 834 voculae
397 791 488 834 hae.

189 858 223 901 Ι.
262 858 312 901 In
343 858 656 902 constructione
697 859 731 899 1.
761 856 1009 899 numeralia:
1043 855 1303 898 cambrice
1334 856 1390 896 tri
1418 854 1536 909 (tres,
1566 855 1641 906 m.)
1672 861 1714 898 et
1742 854 1846 896 chwe
1875 853 2005 909 (sex),

80 927 231 984 quibus
262 926 562 983 supponendae
593 930 691 968 sunt
719 924 875 967 formae
896 924 1147 980 originariae
1168 925 1257 976 trZs,
1281 922 1432 964 chweeh
1463 943 1503 956 Ξ
1525 937 1600 965 sex
1622 922 1682 980 (p.
1708 921 1826 977 125>;
1858 920 2014 976 hoffach

81 1009 133 1037 no
162 994 245 1036 thri
272 994 470 1049 chymez'nt
506 993 658 1048 (maior
688 1008 809 1050 quam
838 998 924 1035 tres
956 1007 1088 1048 aeque
1119 990 1279 1048 magni)
1317 990 1431 1033 Mab.
1467 993 1502 1044 1,
1535 991 1573 1032 6.
1621 991 1726 1032 chwe
1755 990 1885 1031 thoma
1921 988 2016 1044 (sex

83 1060 236 1118 panes)
261 1063 295 1114 1,
318 1062 411 1103 251.

198 1128 354 1172 Corni
372 1143 430 1171 ca
460 1129 668 1185 exempla:
701 1129 862 1170 trehans
892 1128 1109 1184 (trecenti)
1139 1127 1187 1170 P.
1211 1128 1276 1180 36,
1301 1128 1336 1168 1.
1376 1135 1440 1182 try
1460 1126 1625 1180 fersons
1654 1125 1759 1180 (tres
1789 1138 2016 1180 personae,

85 1203 128 1239 at
157 1205 221 1252 try
236 1211 382 1252 person
405 1194 475 1238 Cr.
497 1195 544 1250 6)
575 1195 644 1238 Cr.
669 1198 787 1238 1960.
839 1195 1062 1238 Praeterea
1090 1194 1370 1238 memorabilis
1401 1199 1466 1236 est
1495 1192 1740 1235 assimilatio
1772 1192 1816 1235 in
1838 1193 2020 1248 triddyth

87 1263 308 1320 (triduum)
338 1263 392 1306 D.
416 1264 507 1305 352.
541 1269 582 1306 et
610 1265 819 1320 ΔωΙιιτοῖᾶῃιΙι
850 1264 947 1319 (sex
977 1265 1088 1320 dies)
1120 1263 1170 1306 Ο.
1196 1264 1286 1305 142.

197 1331 496 1374 Aremorice
526 1330 622 1374 hod.
651 1338 736 1374 tam
757 1335 814 1374 tri
841 1331 912 1387 (cf.
934 1332 1122 1385 trichant,
1151 1330 1348 1383 trecenti3
1378 1329 1463 1372 nisi
1491 1327 1572 1371 hoc
1602 1327 1655 1370 ad
1677 1326 2021 1384 compositionem

85 1399 347 1443 referendum
380 1398 477 1454 est,)
525 1415 647 1456 quam
686 1402 760 1441 τείν
799 1400 959 1455 (fem),
991 1414 1120 1456 penem·
1151 1397 1321 1454 (masc.)
1353 1403 1393 1440 et
1420 1397 1544 1453 pe'der
1573 1396 1728 1452 (fem),
1769 1395 1871 1452 quin
1901 1394 2022 1437 etiam

87 1470 187 1520 na63
218 1467 268 1510 cf.
298 1467 354 1509 A.
383 1466 418 1509 Ι.
449 1468 487 1509 3.

199 1537 237 1577 2.
282 1535 538 1578 Pronomina
566 1536 814 1592 possessiva
845 1535 1068 1591 quaedam:
1102 1532 1359 1576 cambrice
1389 1547 1507 1588 pron.
1529 1546 1643 1588 poss.
1677 1531 1714 1572 3.
1735 1545 1845 1587 pers.
1869 1545 1930 1585 sg.
1953 1544 2024 1586 ge-

90 1603 203 1647 neris
232 1602 434 1656 feminini,
464 1610 547 1645 tam
579 1604 813 1646 absolutum
841 1619 880 1660 y,
914 1618 1038 1659 quam
1067 1602 1240 1644 infixum
1270 1615 1289 1642 e
1319 1600 1423 1655 (hib.
1454 1605 1537 1642 vet.
1569 1614 1606 1651 a,
1638 1614 1691 1641 ex
1721 1600 1778 1651 cis,
1815 1597 1913 1652 rs?):
1959 1613 2027 1638 am

89 1687 116 1726 gs
138 1671 288 1727 plaenn,
320 1686 387 1712 am-
415 1686 442 1727 y
476 1673 606 1713 thraet
636 1672 769 1727 (circa
799 1671 891 1714 eius
923 1676 1059 1727 caput,
1091 1669 1181 1711 eius
1211 1668 1356 1725 pedes,
1388 1666 1573 1724 puellae)
1603 1666 1717 1709 Mab.
1741 1668 1776 1720 1,
1802 1667 1865 1708 14.
1896 1664 2029 1706 rac-tal

91 1753 164 1781 eur
183 1754 252 1780 am
269 1753 297 1794 y
318 1739 406 1779 thal
432 1739 628 1794 (frontale
660 1754 830 1781 aureum
853 1739 966 1781 circa
997 1738 1087 1781 eius
1106 1737 1295 1790 frontem,
1327 1734 1513 1792 puellae)
1546 1737 1582 1788 1,
1605 1735 1699 1777 239.
1734 1749 1790 1790 yn
1809 1748 1835 1789 y
1856 1733 2029 1789 clzthor

91 1806 155 1862 (in
186 1806 408 1850 consilium
445 1819 583 1862 suum,
630 1807 830 1863 feminae)
872 1809 907 1861 1,
937 1809 1030 1850 236.
1075 1822 1104 1863 y
1135 1805 1226 1847 mab
1257 1819 1304 1846 ae
1333 1803 1515 1859 chyfoetlo
1552 1801 1689 1857 (filius
1730 1806 1770 1844 et
1801 1799 2028 1844 dominatio

95 1875 198 1927 eius,
230 1874 491 1931 comitissae)
516 1877 550 1928 1,
575 1876 668 1917 236.
717 1875 822 1918 Post
848 1876 992 1918 eadem
1022 1873 1270 1932 pronomina
1299 1871 1556 1929 praemissae
1586 1876 1681 1913 ante
1702 1868 1877 1919 vocales,
1902 1869 1927 1910 h
1960 1883 2031 1911 ex-

95 1942 233 1998 empla
260 1941 407 1985 videas
440 1941 548 1984 infra
577 1943 686 1986 inter
714 1943 972 2000 pronomina.

203 2009 459 2053 Pronomina
488 2011 734 2067 possessiva
753 2012 924 2055 comica
953 2016 994 2054 et
1015 2009 1255 2063 aremorica,
1289 2023 1396 2065 quae
1417 2006 1605 2063 aspirent
1626 2011 1849 2062 sequentes
1870 2011 2031 2058 tenues,

98 2084 196 2120 sunt
223 2078 345 2134 ‘plura
380 2077 613 2121 cambricis.
1083 2088 1087 2089 ’

209 2145 449 2190 Cornica:
480 2162 599 2204 pron.
630 2161 744 2204 poss.
779 2148 814 2188 1.
836 2161 946 2203 pers.
979 2146 1087 2202 sing.
1109 2160 1186 2187 ow:
1218 2159 1277 2187 ow
1290 2144 1458 2200 faynys,
1491 2157 1536 2183 ov
1546 2141 1701 2198 feynys
1722 2139 1909 2196 (dolores
1931 2139 2033 2191 mei3

94 2214 267 2271 peynys)
288 2214 336 2256 P.
364 2216 454 2269 166,
478 2216 515 2257 2.
551 2215 641 2256 168.
664 2215 701 2256 4.
748 2229 807 2256 ow
826 2215 915 2256 thus
944 2213 1146 2270 (populus
1167 2226 1307 2264 meus3
1339 2209 1420 2265 tus)
1445 2210 1534 2263 102,
1559 2209 1596 2251 2.
1637 2223 1694 2250 ow
1714 2208 1895 2263 thermyn
1925 2205 2037 2261 (dies

99 2282 210 2338 mea)
243 2283 308 2335 37,
341 2283 378 2324 2.
419 2297 478 2324 ow
505 2283 621 2324 holon
650 2282 743 2338 (cor
762 2297 920 2334 meum;
952 2279 1084 2335 colon)
1118 2280 1207 2332 166,
1231 2280 1268 2322 3.
1303 2279 1397 2330 172,
1420 2278 1458 2319 2.
1496 2292 1554 2318 ow
1574 2276 1676 2331 hors
1688 2274 1861 2332 (corpus
1884 2272 2040 2328 meum)

101 2352 167 2404 44,
204 2352 241 2392 2.
291 2352 378 2393 thot>
407 2351 578 2392 hemeres
610 2349 683 2405 (ad
711 2365 780 2392 me
810 2347 1078 2406 capiendum)
1115 2348 1182 2400 61,
1209 2348 1247 2387 4.
1305 2345 1431 2388 Adde
1460 2359 1518 2386 ow
1546 2354 1618 2400 3018
1648 2343 1821 2398 (rectius
1852 2357 1910 2383 ow
1940 2342 2039 2393 thas,

106 2423 225 2474 pater
252 2418 390 2474 meus)
421 2419 486 2471 52,
510 2419 547 2459 3.
580 2418 645 2470 72,
667 2419 705 2459 4.
745 2417 835 2470 185,
858 2418 895 2459 3.
954 2416 1081 2458 Pron.
1114 2416 1151 2457 3.
1172 2428 1282 2471 pers.
1315 2413 1422 2469 sing.
1442 2412 1535 2455 fem.
1565 2427 1612 2467 y:
1644 2410 1823 2467 Ifeynys
1854 2408 2040 2463 (dolores

103 2485 207 2537 eius,
238 2484 421 2540 Mariae)
459 2485 507 2527 P.
538 2485 631 2538 226,
671 2487 703 2526 1.
748 2500 777 2540 y
805 2485 923 2526 holon
963 2483 1055 2539 (cor
1085 2482 1197 2536 eius,
1237 2481 1437 2536 feminae)
1480 2481 1571 2533 122,
1601 2479 1638 2520 3.
1682 2478 1771 2530 164,
1802 2478 1839 2520 2.
1879 2476 1972 2529 223,
2006 2477 2041 2516 1.

105 2553 200 2606 224,
223 2554 261 2594 2.
293 2554 386 2605 225,
410 2553 448 2594 2.
487 2553 613 2594 worth.
630 2567 658 2607 y
679 2551 900 2607 lcomfortye
930 2550 1004 2606 (ad
1025 2566 1115 2593 eam
1146 2549 1491 2604 confirmandam)
1524 2548 1614 2600 167,
1639 2547 1674 2587 1.
1724 2544 1848 2586 Pron.
1874 2545 1910 2586 3.
1932 2557 2043 2598 pers.

106 2619 209 2676 plur.
241 2636 341 2676 aya:
389 2636 468 2676 aya
489 2619 566 2675 sen
597 2618 745 2676 (caput
775 2634 914 2672 suum;
948 2619 1048 2674 pen)
1079 2617 1127 2660 P.
1160 2619 1251 2671 195,
1283 2618 1320 2658 2.
1366 2632 1446 2673 aya
1465 2615 1592 2671 fryns
1630 2612 1849 2669 (princeps
1881 2610 2042 2663 eorum)

108 2689 173 2740 76,
199 2689 236 2729 4.
277 2689 350 2728 dre
378 2703 458 2743 aya
487 2688 619 2743 leusyll
647 2687 898 2742 (secundum
928 2686 1149 2729 consilium
1180 2700 1313 2737 suum,
1346 2699 1510 2736 eorum3
1541 2681 1686 2736 cusyll)
1722 2680 1811 2732 133,
1835 2681 1872 2720 2.

215 2754 522 2796 Aremorice
552 2769 718 2810 quoque
747 2753 872 2796 hodie
900 2754 948 2795 fit
969 2753 1169 2810 aspiratio
1200 2758 1297 2809 post
1323 2750 1571 2807 pronomina
1598 2748 1845 2805 possessiva
1879 2749 1913 2788 1.
1935 2760 2045 2803 pers.

110 2822 217 2878 sing.
249 2837 300 2862 va
331 2821 511 2878 (meus),
556 2823 593 2864 3.
624 2837 735 2878 pers.
765 2822 872 2878 sing.
902 2822 996 2864 fem.
1025 2821 1085 2874 lee‘,
1119 2821 1154 2862 3.
1186 2834 1297 2876 pers.
1328 2819 1434 2875 plur.
1464 2818 1514 2859 Ιιό
1543 2817 1680 2872 (suus,
1701 2814 1876 2869 eorum).
1946 2813 2050 2856 Post

109 2905 160 2943 m,
184 2905 251 2931 am
281 2890 504 2946 personale
535 2888 711 2931 infixum
744 2891 779 2931 1.
811 2904 920 2946 pers.
953 2903 1014 2945 sg.
1046 2887 1285 2944 aspirantur
1314 2886 1337 2927 lc
1369 2892 1410 2928 et
1431 2892 1455 2939 t,
1486 2890 1585 2940 post
1613 2883 1784 2927 formam
1813 2879 2050 2939 possessivi

113 2959 273 3014 Lpers.
305 2957 411 3014 plur.
442 2958 515 2999 hor
544 2957 668 3013 (alias
699 2956 798 3012 hon)
829 2957 921 3000 sola
948 2957 983 2998 k.
1032 2955 1096 2999 Cf.
1127 2956 1181 2997 A.
1212 2954 1246 2997 Ι.
1278 2955 1316 2995 4.
1339 2953 1376 2995 8.

221 3027 259 3068 3.
306 3025 572 3082 Praepositio
603 3024 815 3068 cambrica
844 3041 871 3067 a
901 3023 1057 3079 (cum):
1099 3041 1124 3064 α
1156 3023 1223 3074 (hi,
1256 3039 1282 3063 a
1312 3020 1460 3062 tkz'rheu
1491 3018 1668 3074 (tecum)
1698 3017 1811 3059 Mab.
1839 3019 1872 3069 1,
1896 3017 1933 3058 5.
1955 3015 2051 3057 242.

107 3092 251 3147 ymlad
280 3110 306 3135 a
335 3089 501 3149 chledyf
535 3093 742 3150 (pugnare
782 3091 940 3149 gladio,
983 3107 1075 3134 cum
1113 3089 1274 3146 gladio)
1318 3090 1352 3142 1,
1385 3088 1478 3129 245.
1545 3086 1698 3129 Forma
1726 3080 2052 3141 praepositionis

114 3160 315 3203 vetustior
345 3176 395 3202 <10
425 3167 614 3204 servatur
645 3167 740 3204 ante
770 3159 960 3213 vocales3
992 3159 1036 3200 in
1057 3158 1194 3201 allatis
1225 3171 1323 3213 ergo
1356 3154 1559 3211 exemplis
1593 3154 1651 3207 (τ
1677 3153 1794 3205 ae-ti,
1827 3148 2054 3205 ac-cledyj)

113 3227 280 3270 transiit
308 3235 346 3269 ct
374 3227 419 3269 in
447 3229 500 3280 th,
532 3244 574 3270 co
601 3228 645 3271 in
676 3230 722 3270 οΙι
752 3234 798 3270 ut
825 3227 870 3269 in
898 3226 1049 3269 mediis
1079 3226 1148 3268 vel
1179 3223 1375 3267 ext-remis
1404 3222 1593 3265 vocibus.
1662 3221 1818 3263 Eadem
1862 3217 1929 3260 vis
1958 3215 2051 3257 infi-

115 3296 230 3339 ciens
260 3296 372 3340 inest
401 3296 446 3337 in
474 3311 617 3353 praep.
650 3305 714 3338 {ra
746 3295 893 3350 (trans,
926 3293 1085 3350 supra),
1118 3307 1224 3348 quae
1254 3292 1398 3334 eadem
1430 3297 1495 3333 est
1525 3289 1762 3333 coniunctio
1796 3284 2054 3342 (quamdiu),

117 3371 208 3407 orta
236 3380 260 3406 e
290 3363 433 3405 trac-h?

164 3442 285 3486 Zwsz,
312 3454 446 3478 onaan.
471 3454 571 3479 οειτ.
623 3446 683 3476 En.
709 3442 749 3478 Π.
1741 3436 1783 3468 13
