2336 3736
287 228 367 269 110
412 228 502 263 (128.
523 226 600 265 129)
891 219 927 262 Ι.
963 220 998 261 1.
1041 229 1280 260 consortie
1309 228 1630 259 smmi-mmm.

284 349 492 406 praebent
511 346 586 388 Dr.
611 351 652 387 et
671 344 719 386 P.
751 349 797 385 ut
817 343 884 384 hev
912 340 1082 397 (vivus)
1102 339 1156 381 D.
1182 340 1303 382 1592.
1327 340 1449 392 3158,
1481 339 1562 381 bew
1591 338 1720 393 (vita)
1751 337 1803 382 R.
1825 338 1893 379 74.
1930 336 2033 379 bewe
2063 337 2254 392 (vivere)

285 417 334 458 P.
356 416 450 467 204,
476 416 511 455 1.
544 413 638 465 207,
660 413 698 452 2.
730 428 756 452 α
776 409 924 466 veuylze
945 407 1037 463 (qui
1059 406 1184 460 vivit)
1215 408 1281 459 72,
1304 408 1342 449 2.
1383 406 1553 458 bewnas,
1585 405 1771 447 bea-nam
1792 404 1923 460 (vita)
1956 405 2020 458 12,
2046 407 2089 455 1;
2122 405 2188 456 73,
2208 405 2250 446 2.

288 482 639 594 log'krilinbii
654 560 710 586 ca
738 543 834 596 ΕΠ,
865 542 1079 585 recentius
1108 539 1189 583 EO
1223 540 1402 595 scripta:
1431 540 1525 595 ylen
1556 539 1598 580 111
1625 539 1869 582 nominibus
1897 538 2102 581 virorum:
2144 533 2251 579 Gleu

287 618 417 659 chart.
447 612 661 668 Kemperl.
694 611 803 653 Mor.
836 611 930 652 432.
974 605 1213 659 Gleudanet,
1250 604 1519 650 Gleacwman
1547 606 1650 649 ibid.
1679 605 1787 649 Mor.
1812 607 1907 648 431.
1931 606 2026 647 456.
2062 601 2253 650 Gleumn

289 684 417 725 chart.
448 680 582 723 Rhed.
625 682 660 731 1,
690 680 727 720 6.
781 674 1037 727 Gleuclalan,
1088 672 1416 727 Gleuchourant,
1462 669 1715 715 G'Ieuhoia‘rn
1752 672 1853 715 ibid.
1884 672 1992 722 Mor.
2028 672 2123 721 307.
2157 670 2252 713 342.

286 751 390 793 Rec.
422 748 504 789 bleo
535 746 718 802 (capilli)
740 744 856 786 Man.
890 764 927 778 z
953 744 1036 785 bled
1055 743 1177 797 Lgn.,
1209 741 1332 782 unde'
1351 756 1374 780 υ
1404 740 1599 782 restituto
1621 739 1761 781 bleuen
1779 739 1896 781 Man.
1928 758 1969 775 -τ
1991 739 2124 780 ble‘ven
2143 737 2252 794 Lgn.

287 815 522 873 (capillus).
580 813 648 855 De
678 827 778 853 'reau
811 811 949 867 (gelu3
979 811 1007 851 i.
1030 825 1065 851 e.
1090 810 1174 863 reo)
1196 808 1304 849 Buh.
1328 808 1393 860 32,
1420 809 1482 848 10.
1516 821 1568 849 ac
1598 807 1650 849 de
1670 807 1768 849 hod.
1790 807 1850 848 le'5
1879 806 1942 861 (τ’
1964 805 2256 862 leuya).supra

289 885 448 926 dictum
479 888 556 932 est,
589 880 640 921 de
672 879 752 931 beo,
783 893 825 919 eo
855 894 894 921 v.
926 876 1046 919 infra.

402 948 653 993 Aremorica
680 945 746 988 IU
777 951 947 987 servata
977 950 1043 986 est
1071 944 1115 986 in
1145 957 1252 984 voce
1279 944 1403 997 φάη,
1445 942 1526 982 wia
1556 940 1731 995 (cambr.
1761 942 1899 996 ywz'w‘,
1938 940 2023 983 hib.
2054 946 2138 983 vet.
2157 939 2254 994 flu)

293 1017 503 1074 frequenti
544 1016 589 1057 in
628 1013 868 1055 nominibus
905 1013 1089 1054 virorum
1126 1010 1255 1052 chan.
1286 1008 1441 1050 Rhea:
1503 1006 1735 1049 Wtuhamat
1770 1007 1880 1050 Mor.
1915 1008 2008 1049 266.
2056 1009 2101 1051 in
2140 1007 2256 1049 domo

304 1084 568 1127 Viwhoemaeli
597 1080 709 1123 Mor.
740 1081 833 1122 271.
883 1079 1124 1120 PVivhozhrn
1152 1076 1260 1119 Mor.
1292 1077 1388 1120 273.
1436 1074 1717 1117 Vz'11vhoiarnw
1747 1074 1855 1119 Mor.
1878 1075 1973 1117 265.
2015 1073 2256 1126 Wiomarolz,

300 1150 569 1194 Vz'uhomoerclc
597 1148 705 1191 Mor.
736 1150 830 1190 275.
863 1147 958 1189 293.
1001 1142 1278 1186 Guilzomarch
1309 1144 1370 1197 (z
1394 1144 1583 1197 9uio·m.,
1610 1144 1800 1199 quin-m„
1832 1158 1869 1187 a.
1894 1142 2023 1197 1029)
2052 1142 2098 1185 in
2126 1141 2258 1184 cha-rt.

291 1218 506 1275 Kemperl.
529 1216 636 1258 Mor.
661 1216 755 1258 366.
778 1215 872 1256 456.
915 1212 1103 1253 Archa-ia
1133 1211 1178 1252 in
1207 1209 1342 1251 Rhed.
1365 1211 1403 1262 2,
1428 1211 1494 1251 31.
1541 1209 1746 1251 Tanetwiu
1779 1212 1815 1262 1,
1838 1211 1877 1262 6,
1908 1209 2104 1265 aliisque,
2153 1207 2258 1251 For-

283 1294 410 1330 tasse
444 1287 488 1328 in
518 1284 650 1327 subst.
684 1282 810 1333 liufre
847 1281 909 1335 (ι-
936 1279 1035 1336 gall.
1068 1278 1166 1320 hod.
1196 1278 1335 1329 liz-re'e3
1373 1276 1412 1318 si
1443 1283 1509 1319 est
1546 1277 1825 1333 compositum
1860 1291 1888 1319 e
1916 1275 1995 1329 liu,
2032 1275 2129 1318 hod.
2163 1274 2257 1327 lima,

292 1353 420 1406 color,
450 1352 560 1395 Buh.
596 1351 688 1402 166,
725 1350 787 1392 13.
826 1355 873 1389 ut
900 1346 1070 1398 lamfre,
1103 1344 1323 1396 somnium,
1357 1345 1423 1396 30,
1449 1344 1502 1386 10
1532 1359 1586 1388 ex
1612 1345 1709 1396 lam,
1732 1343 1928 1399 somnus)
1957 1342 2064 1386 Buh.
2097 1342 2190 1394 104,
2220 1342 2258 1383 7.

290 1421 391 1464 Adi.
415 1420 483 1461 bia
505 1425 717 1462 servatum
736 1417 904 1459 videtur
933 1416 978 1457 in
998 1413 1240 1456 nominibus
1261 1411 1513 1467 compositis
1544 1411 1727 1454 Armaza
1757 1410 1888 1454 chart.
1910 1408 2046 1454 Rhed.
2071 1412 2107 1462 1,
2131 1410 2168 1450 7.
2191 1408 2258 1450 20.

291 1489 462 1540 Aeo-viu,
483 1487 640 1529 Rinciu
666 1488 700 1537 1,
722 1486 787 1537 11,
817 1483 902 1525 nisi
932 1483 977 1524 in
995 1481 1063 1524 his
1092 1480 1235 1538 potius
1264 1480 1361 1530 wia,
1390 1481 1494 1535 qnia
1524 1486 1570 1521 ut
1591 1494 1719 1534 supra
1739 1478 2057 1534 agnoscendum
2087 1482 2162 1519 est.
2207 1475 2261 1521 In

292 1556 388 1599 aliis
420 1555 512 1596 beu:
550 1552 731 1605 Aellg'f'eu
761 1551 891 1593 chart.
922 1549 1059 1592 Rhed.
1094 1553 1128 1601 1,
1162 1550 1198 1589 7.
1246 1547 1437 1588 Archueu
1471 1549 1506 1599 1,
1530 1547 1567 1591 3.
1601 1547 1669 1588 41.
1715 1545 1912 1599 Ulzelveu,
1954 1544 2099 1588 Colveu
2130 1544 2260 1587 chart.

291 1622 564 1679 Kemperleg.
590 1620 699 1663 Mor.
722 1620 816 1663 456.
840 1619 934 1660 513.
987 1617 1094 1659 Item
1124 1616 1168 1657 in
1188 1614 1297 1658 Buh.
1331 1614 1398 1655 beo
1430 1614 1599 1668 (vivus)
1628 1615 1666 1666 2,
1692 1616 1755 1656 11.
1787 1614 1853 1666 32,
1880 1615 1944 1655 11.
1978 1614 2042 1667 96,
2065 1613 2132 1655 20.
2167 1612 2259 1665 184,

295 1693 359 1745 11,
392 1690 501 1732 unde
533 1689 672 1731 soluta
701 1686 976 1743 diphthongo*
995 1684 1122 1737 laeuas
1147 1683 1334 1739 (vivere)
1365 1682 1432 1735 28,
1457 1682 1523 1724 15.
1555 1683 1622 1734 44,
1646 1683 1683 1724 7.
1734 1680 1898 1724 Ibidem
1919 1695 1968 1725 eu
1989 1680 2097 1736 (est)
2128 1680 2258 1733 24,-4.

296 1760 389 1812 108,
416 1759 481 1803 16.
516 1757 606 1809 166,
633 1756 696 1798 13.
729 1755 823 1806 206,
846 1755 884 1808 9,
913 1768 955 1794 eo
974 1752 1032 1808 fq.

1081 2000 1132 2045 B.
1179 2000 1475 2045 Consonae.

409 2095 751 2140 Britannicarum
782 2101 1063 2135 consonarum
1093 2091 1326 2134 vetustiore
1355 2089 1606 2133 formatione
1626 2089 1806 2131 maxime
1829 2087 2039 2140 docemur,
2069 2085 2264 2129 infectio-

297 2180 393 2207 nem
424 2179 533 2217 eam,
573 2177 658 2218 qua
689 2176 899 2203 consonas
928 2159 1170 2202 hibernicas
1200 2159 1245 2201 in
1277 2159 1381 2200 duas
1415 2158 1566 2209 series,
1606 2157 1753 2199 duram
1784 2163 1826 2198 et
1854 2156 2042 2208 mollem,
2073 2155 2259 2213 dispesci

302 2248 432 2290 supra
472 2232 801 2274 demonstratum
839 2234 922 2280 est,
962 2242 1057 2269 esse
1097 2226 1346 2268 recentioris
1385 2225 1583 2280 originis,
1629 2239 1768 2281 neque
1806 2224 2002 2267 extitisse
2037 2223 2083 2266 in
2121 2223 2263 2280 prisca

299 2301 446 2356 lingua
478 2299 640 2341 celtica.
686 2296 866 2339 Etiamsi
896 2296 1004 2336 enim
1028 2293 1356 2336 britannicarum
1387 2307 1554 2347 quoque
1586 2306 1868 2335 consonarum
1899 2307 1951 2333 ea
1981 2297 2047 2334 est
2074 2290 2262 2343 infectio,

305 2383 389 2424 qua
429 2368 668 2423 aspirentur
702 2379 811 2420 quae
843 2371 941 2406 sunt
979 2363 1084 2404 alias
1122 2368 1291 2412 tenues,
1332 2366 1417 2401 tum
1456 2359 1531 2400 illa
1571 2359 1668 2415 ipsa
1709 2359 1840 2403 multo
1881 2359 2103 2415 angustius
2148 2364 2266 2414 patet

302 2451 427 2491 quam
455 2433 626 2475 infectio
657 2432 886 2483 hibernica,
920 2437 1126 2487 quatenus
1154 2444 1208 2470 ne
1236 2435 1386 2470 tenues
1417 2426 1587 2482 quidem
1614 2440 1782 2481 semper
1812 2426 1969 2482 arripit,
2001 2425 2163 2468 medias
2191 2425 2265 2470 vix

298 2503 453 2557 tangit,
486 2500 641 2543 nedum
667 2498 851 2554 liquidas
882 2504 924 2540 et
952 2498 1177 2553 spirantes,
1209 2502 1296 2536 tum
1326 2509 1435 2551 quae
1463 2492 1678 2535 invenitur
1706 2492 1879 2536 infectio
1906 2493 2097 2549 aspirata
2124 2492 2264 2537 tenuis

299 2568 578 2620 britannicae,
609 2567 722 2609 facta
752 2573 818 2608 est
848 2566 1080 2607 secundum
1109 2563 1246 2619 legem
1277 2577 1450 2618 prorsus
1481 2561 1721 2618 oppositam
1749 2559 2013 2613 hibernicae,
2046 2565 2193 2616 utpote
2221 2560 2267 2603 in

299 2636 515 2693 positione
547 2634 697 2677 effecta
724 2632 898 2687 liquidis
929 2630 1182 2687 quibusdam
1213 2629 1483 2686 (praesertim
1512 2644 1556 2681 r,
1596 2626 1806 2669 interdum
1837 2628 1869 2679 l,
1906 2642 2002 2670 raro
2032 2628 2101 2680 n),
2140 2632 2266 2682 atque

301 2708 421 2744 extra
448 2701 704 2757 positionem
739 2700 784 2741 in
813 2699 989 2741 vocibus
1020 2699 1104 2751 eis,
1148 2698 1191 2739 in
1222 2697 1376 2753 quibus
1406 2694 1625 2739 hiberniae
1656 2700 1848 2736 servatur
1884 2700 2019 2737 status
2050 2708 2265 2737 consonae

299 2768 565 2824 originarius.
633 2766 795 2810 Contra
832 2765 905 2808 ubi
939 2765 1075 2808 inficit
1110 2764 1331 2807 hibernica
1367 2762 1513 2818 lingua
1548 2767 1670 2806 extra
1705 2761 1981 2816 positionem,
2028 2759 2266 2804 britannice

302 2843 496 2878 servatur
525 2841 660 2878 status
690 2832 943 2889 primitivus.
995 2832 1172 2875 Praeter
1199 2831 1311 2873 hanc
1329 2830 1566 2885 regularem
1593 2835 1682 2870 tum
1700 2828 1785 2871 iam
1806 2827 1995 2871 tenuium
2023 2826 2268 2871 infectio-

300 2918 416 2945 nem
446 2903 742 2959 aspiratam
778 2900 948 2955 linguae
978 2898 1241 2941 britannicae
1268 2904 1540 2940 monumenta
1576 2901 1741 2947 vetera,
1780 2900 1866 2938 tam
1897 2894 2268 2951 camb1·ica·quam

302 2970 542 3022 aremorica,
574 2984 656 3011 non
690 2966 891 3012 exhibent
918 2966 1004 3008 nisi
1034 2965 1157 3008 initia
1184 2964 1495 3008 infectionis
1526 2963 1876 3008 destituentis
1906 2969 1949 3005 et
1976 2962 2195 3006 nasalis.

408 3036 637 3079 Recentior
675 3035 823 3090 lingua
858 3034 983 3075 trium
1021 3033 1296 3075 dialectorum
1335 3032 1461 3086 (inde
1498 3047 1523 3074 a
1558 3031 1776 3074 codicibus
1805 3029 1932 3085 Leg„
1970 3029 2107 3082 Mab„
2146 3029 2266 3083 Voc.,

301 3103 432 3158 Buh.)
463 3103 597 3159 magis
626 3103 847 3158 magisque
877 3100 1132 3157 propagavit
1160 3099 1513 3142 infectionem
1544 3099 1634 3141 des
1647 3098 1925 3139 tituentem
1955 3090 2127 3153 (p.‘39)‚
2161 3112 2268 3152 quae

304 3186 391 3212 non
423 3171 536 3213 solas
568 3169 834 3226 amplectitur
861 3175 1025 3219 tenues,
1055 3174 1101 3209 ut
1129 3166 1173 3208 in
1203 3166 1423 3211 hibernica
1451 3166 1686 3209 recentiore
1719 3170 1761 3206 et
1789 3164 1954 3220 gaehfca
1983 3164 2045 3220 (p.
2073 3164 2159 3219 75),
2194 3164 2269 3206 sed

305 3237 431 3282 etiam
465 3237 622 3279 medias
654 3244 696 3278 et
723 3236 919 3291 liquidas,
953 3235 1065 3278 solas
1097 3234 1305 3290 aspiratae
1336 3240 1379 3276 et
1409 3235 1620 3289 spirantes
1650 3233 1833 3274 intactas
1861 3231 2121 3287 relinquens.
2180 3231 2267 3273 Ex-

305 3305 449 3360 empla
478 3320 578 3360 ergo
601 3319 880 3347 consonarum
902 3302 1242 3354 britannicarum,
1273 3307 1320 3345 ut
1338 3300 1661 3353 hibernicarum,
1693 3306 1779 3342 tam
1800 3305 2061 3342 servatarum
2090 3299 2134 3340 111
2157 3306 2270 3341 statu

305 3370 524 3427 primitivo
556 3384 681 3427 quam
710 3368 958 3412 infectarum
986 3374 1217 3425 sequentur
1247 3366 1481 3411 secundum
1511 3380 1680 3422 genera.
