<?xml version="1.0" encoding="UTF-8"?>
<!DOCTYPE html PUBLIC "-//W3C//DTD XHTML 1.0 Transitional//EN"
    "http://www.w3.org/TR/xhtml1/DTD/xhtml1-transitional.dtd">
<html xmlns="http://www.w3.org/1999/xhtml" xml:lang="en" lang="en">
 <head>
  <title>
</title>
<meta http-equiv="Content-Type" content="text/html;charset=utf-8" />
  <meta name='ocr-system' content='tesseract 3.04.00' />
  <meta name='ocr-capabilities' content='ocr_page ocr_carea ocr_par ocr_line ocrx_word'/>
</head>
<body>
  <div class='ocr_page' id='page_1' title='image "./grammaticaceltic00zeusuoft_0013.png"; bbox 0 0 2336 3736; ppageno 0'>
   <div class='ocr_carea' id='block_1_1' title="bbox 869 252 2121 297">
    <p class='ocr_par' dir='ltr' id='par_1_1' title="bbox 869 252 2121 297">
     <span class='ocr_line' id='line_1_1' title="bbox 869 252 2121 297; baseline 0.004 -5"><span class='ocrx_word' id='word_1_1' title='bbox 869 260 1128 293; x_wconf 68' lang='lat' dir='ltr'>rmnm‘rio</span> <span class='ocrx_word' id='word_1_2' title='bbox 1156 262 1397 294; x_wconf 75' lang='lat' dir='ltr'>Auc‘roms.</span> <span class='ocrx_word' id='word_1_3' title='bbox 1806 252 1882 294; x_wconf 48' lang='lat' dir='ltr'>(VI.</span> <span class='ocrx_word' id='word_1_4' title='bbox 1901 253 1983 296; x_wconf 81' lang='lat' dir='ltr'>VH)</span> <span class='ocrx_word' id='word_1_5' title='bbox 2034 254 2121 297; x_wconf 87' lang='lat' dir='ltr'>VH</span> 
     </span>
    </p>
   </div>
   <div class='ocr_carea' id='block_1_2' title="bbox 143 373 2124 3423">
    <p class='ocr_par' dir='ltr' id='par_1_2' title="bbox 151 373 2124 937">
     <span class='ocr_line' id='line_1_2' title="bbox 152 373 2122 431; baseline 0.002 -15"><span class='ocrx_word' id='word_1_6' title='bbox 152 374 379 426; x_wconf 75' lang='lat' dir='ltr'>romanica,</span> <span class='ocrx_word' id='word_1_7' title='bbox 410 381 614 430; x_wconf 81' lang='lat' dir='ltr'>operante</span> <span class='ocrx_word' id='word_1_8' title='bbox 645 374 827 429; x_wconf 80' lang='lat' dir='ltr'>amplius</span> <span class='ocrx_word' id='word_1_9' title='bbox 858 373 1029 429; x_wconf 82' lang='lat' dir='ltr'>linguae</span> <span class='ocrx_word' id='word_1_10' title='bbox 1050 375 1232 430; x_wconf 77' lang='lat' dir='ltr'><strong>gallicae</strong></span> <span class='ocrx_word' id='word_1_11' title='bbox 1251 374 1438 430; x_wconf 81' lang='lat' dir='ltr'>ingeniO,</span> <span class='ocrx_word' id='word_1_12' title='bbox 1470 389 1596 431; x_wconf 73' lang='lat' dir='ltr'>quam</span> <span class='ocrx_word' id='word_1_13' title='bbox 1617 377 1961 431; x_wconf 81' lang='lat' dir='ltr'>progressionem</span> <span class='ocrx_word' id='word_1_14' title='bbox 1981 381 2122 421; x_wconf 79' lang='lat' dir='ltr'>nescit</span> 
     </span>
     <span class='ocr_line' id='line_1_3' title="bbox 152 445 2121 503; baseline 0.003 -16"><span class='ocrx_word' id='word_1_15' title='bbox 152 446 300 501; x_wconf 86' lang='lat' dir='ltr'>lingua</span> <span class='ocrx_word' id='word_1_16' title='bbox 327 445 558 499; x_wconf 85' lang='lat' dir='ltr'>hibernica,</span> <span class='ocrx_word' id='word_1_17' title='bbox 591 461 626 488; x_wconf 91' lang='lat' dir='ltr'>e.</span> <span class='ocrx_word' id='word_1_18' title='bbox 650 459 711 501; x_wconf 84' lang='lat' dir='ltr'>gr.</span> <span class='ocrx_word' id='word_1_19' title='bbox 740 451 1032 488; x_wconf 74' lang='lat' dir='ltr'><strong>transeuntem</strong></span> <span class='ocrx_word' id='word_1_20' title='bbox 1060 462 1084 488; x_wconf 83' lang='lat' dir='ltr'><em>v</em></span> <span class='ocrx_word' id='word_1_21' title='bbox 1114 447 1185 490; x_wconf 77' lang='lat' dir='ltr'>vel</span> <span class='ocrx_word' id='word_1_22' title='bbox 1212 463 1250 489; x_wconf 81' lang='lat' dir='ltr'><em>w</em></span> <span class='ocrx_word' id='word_1_23' title='bbox 1278 448 1323 489; x_wconf 90' lang='lat' dir='ltr'>in</span> <span class='ocrx_word' id='word_1_24' title='bbox 1349 463 1419 503; x_wconf 66' lang='lat'>9¹21,</span> <span class='ocrx_word' id='word_1_25' title='bbox 1447 462 1510 501; x_wconf 57' lang='grc' dir='ltr'>μω</span> <span class='ocrx_word' id='word_1_26' title='bbox 1538 447 1777 490; x_wconf 77' lang='lat' dir='ltr'>britannice</span> <span class='ocrx_word' id='word_1_27' title='bbox 1809 457 1851 491; x_wconf 82' lang='lat' dir='ltr'>et</span> <span class='ocrx_word' id='word_1_28' title='bbox 1878 450 1924 491; x_wconf 92' lang='lat' dir='ltr'>in</span> <span class='ocrx_word' id='word_1_29' title='bbox 1942 452 2121 493; x_wconf 83' lang='lat' dir='ltr'>vocibus</span> 
     </span>
     <span class='ocr_line' id='line_1_4' title="bbox 155 518 2124 575; baseline 0.004 -16"><span class='ocrx_word' id='word_1_30' title='bbox 155 518 325 573; x_wconf 82' lang='lat' dir='ltr'>gallicis</span> <span class='ocrx_word' id='word_1_31' title='bbox 355 519 596 571; x_wconf 69' lang='lat' dir='ltr'>romanicis,</span> <span class='ocrx_word' id='word_1_32' title='bbox 627 533 738 574; x_wconf 87' lang='lat' dir='ltr'>quae</span> <span class='ocrx_word' id='word_1_33' title='bbox 769 519 989 561; x_wconf 86' lang='lat' dir='ltr'>bibernice</span> <span class='ocrx_word' id='word_1_34' title='bbox 1019 520 1069 560; x_wconf 78' lang='lat' dir='ltr'>fit</span> <span class='ocrx_word' id='word_1_35' title='bbox 1088 523 1130 574; x_wconf 56' lang='lat' dir='ltr'>J,</span> <span class='ocrx_word' id='word_1_36' title='bbox 1165 521 1263 562; x_wconf 78' lang='lat' dir='ltr'>item.</span> <span class='ocrx_word' id='word_1_37' title='bbox 1294 520 1571 575; x_wconf 77' lang='lat' dir='ltr'>praemissam</span> <span class='ocrx_word' id='word_1_38' title='bbox 1601 521 1815 563; x_wconf 86' lang='lat' dir='ltr'>cambrice</span> <span class='ocrx_word' id='word_1_39' title='bbox 1845 524 1873 573; x_wconf 75' lang='lat' dir='ltr'>i,</span> <span class='ocrx_word' id='word_1_40' title='bbox 1903 537 1943 575; x_wconf 71' lang='lat' dir='ltr'>y,</span> <span class='ocrx_word' id='word_1_41' title='bbox 1975 538 2006 575; x_wconf 84' lang='lat' dir='ltr'>e,</span> <span class='ocrx_word' id='word_1_42' title='bbox 2040 530 2084 565; x_wconf 89' lang='lat' dir='ltr'>ut</span> <span class='ocrx_word' id='word_1_43' title='bbox 2103 539 2124 566; x_wconf 85' lang='lat' dir='ltr'>e</span> 
     </span>
     <span class='ocr_line' id='line_1_5' title="bbox 152 592 2118 650; baseline 0.002 -17"><span class='ocrx_word' id='word_1_44' title='bbox 152 592 304 647; x_wconf 79' lang='lat' dir='ltr'>gallice</span> <span class='ocrx_word' id='word_1_45' title='bbox 338 598 437 634; x_wconf 86' lang='lat' dir='ltr'>ante</span> <span class='ocrx_word' id='word_1_46' title='bbox 468 592 721 634; x_wconf 81' lang='lat' dir='ltr'>coniunctas</span> <span class='ocrx_word' id='word_1_47' title='bbox 751 606 810 646; x_wconf 71' lang='lat' dir='ltr'>sp,</span> <span class='ocrx_word' id='word_1_48' title='bbox 840 599 889 643; x_wconf 73' lang='lat' dir='ltr'>st,</span> <span class='ocrx_word' id='word_1_49' title='bbox 920 607 972 634; x_wconf 62' lang='lat' dir='ltr'>ec.</span> <span class='ocrx_word' id='word_1_50' title='bbox 1034 592 1271 634; x_wconf 84' lang='lat' dir='ltr'>Destitutio</span> <span class='ocrx_word' id='word_1_51' title='bbox 1303 593 1550 644; x_wconf 85' lang='lat' dir='ltr'>mediarum,</span> <span class='ocrx_word' id='word_1_52' title='bbox 1584 607 1769 635; x_wconf 75' lang='lat' dir='ltr'>excussa</span> <span class='ocrx_word' id='word_1_53' title='bbox 1797 597 2050 650; x_wconf 85' lang='lat' dir='ltr'>praesertim</span> <span class='ocrx_word' id='word_1_54' title='bbox 2077 613 2118 650; x_wconf 72' lang='lat'>9,</span> 
     </span>
     <span class='ocr_line' id='line_1_6' title="bbox 151 663 2123 722; baseline 0.003 -17"><span class='ocrx_word' id='word_1_55' title='bbox 151 664 196 705; x_wconf 91' lang='lat' dir='ltr'>in</span> <span class='ocrx_word' id='word_1_56' title='bbox 228 663 396 706; x_wconf 83' lang='lat' dir='ltr'>Galliae</span> <span class='ocrx_word' id='word_1_57' title='bbox 425 664 654 706; x_wconf 81' lang='lat' dir='ltr'>romanicis</span> <span class='ocrx_word' id='word_1_58' title='bbox 684 665 969 707; x_wconf 74' lang='lat' dir='ltr'>monumentis</span> <span class='ocrx_word' id='word_1_59' title='bbox 1000 665 1127 707; x_wconf 85' lang='lat' dir='ltr'>medii</span> <span class='ocrx_word' id='word_1_60' title='bbox 1159 665 1254 707; x_wconf 86' lang='lat' dir='ltr'>aevi</span> <span class='ocrx_word' id='word_1_61' title='bbox 1286 680 1421 720; x_wconf 82' lang='lat' dir='ltr'>aeque</span> <span class='ocrx_word' id='word_1_62' title='bbox 1451 670 1620 707; x_wconf 82' lang='lat' dir='ltr'>vetusta</span> <span class='ocrx_word' id='word_1_63' title='bbox 1641 672 1707 707; x_wconf 82' lang='lat' dir='ltr'>est</span> <span class='ocrx_word' id='word_1_64' title='bbox 1737 672 1863 722; x_wconf 84' lang='lat' dir='ltr'>atquc</span> <span class='ocrx_word' id='word_1_65' title='bbox 1895 667 1939 708; x_wconf 88' lang='lat' dir='ltr'>in</span> <span class='ocrx_word' id='word_1_66' title='bbox 1961 668 2123 710; x_wconf 83' lang='lat' dir='ltr'>britan-</span> 
     </span>
     <span class='ocr_line' id='line_1_7' title="bbox 151 736 2121 796; baseline 0.002 -18"><span class='ocrx_word' id='word_1_67' title='bbox 151 736 274 789; x_wconf 86' lang='lat' dir='ltr'>nicis,</span> <span class='ocrx_word' id='word_1_68' title='bbox 305 737 497 779; x_wconf 79' lang='lat' dir='ltr'>tenuium.</span> <span class='ocrx_word' id='word_1_69' title='bbox 526 736 632 780; x_wconf 81' lang='lat' dir='ltr'>adeo</span> <span class='ocrx_word' id='word_1_70' title='bbox 655 736 945 779; x_wconf 82' lang='lat' dir='ltr'>destitutionis</span> <span class='ocrx_word' id='word_1_71' title='bbox 975 738 1174 794; x_wconf 77' lang='lat' dir='ltr'>exempla</span> <span class='ocrx_word' id='word_1_72' title='bbox 1197 738 1415 781; x_wconf 80' lang='lat' dir='ltr'>romanica</span> <span class='ocrx_word' id='word_1_73' title='bbox 1445 737 1598 793; x_wconf 83' lang='lat' dir='ltr'>gallica</span> <span class='ocrx_word' id='word_1_74' title='bbox 1619 739 1856 781; x_wconf 83' lang='lat' dir='ltr'>vetustiora</span> <span class='ocrx_word' id='word_1_75' title='bbox 1878 746 1976 781; x_wconf 85' lang='lat' dir='ltr'>sunt</span> <span class='ocrx_word' id='word_1_76' title='bbox 1998 756 2121 796; x_wconf 87' lang='lat' dir='ltr'>quam</span> 
     </span>
     <span class='ocr_line' id='line_1_8' title="bbox 154 809 2120 867; baseline 0.002 -15"><span class='ocrx_word' id='word_1_77' title='bbox 154 809 406 852; x_wconf 86' lang='lat' dir='ltr'>britannica.</span> <span class='ocrx_word' id='word_1_78' title='bbox 455 810 633 852; x_wconf 77' lang='lat' dir='ltr'><strong>Prolata</strong></span> <span class='ocrx_word' id='word_1_79' title='bbox 659 810 767 853; x_wconf 82' lang='lat' dir='ltr'>haec</span> <span class='ocrx_word' id='word_1_80' title='bbox 785 810 948 853; x_wconf 75' lang='lat' dir='ltr'>videsis</span> <span class='ocrx_word' id='word_1_81' title='bbox 979 811 1024 852; x_wconf 87' lang='lat' dir='ltr'>in</span> <span class='ocrx_word' id='word_1_82' title='bbox 1044 811 1197 854; x_wconf 82' lang='lat' dir='ltr'>mediis</span> <span class='ocrx_word' id='word_1_83' title='bbox 1225 817 1267 853; x_wconf 87' lang='lat' dir='ltr'>et</span> <span class='ocrx_word' id='word_1_84' title='bbox 1286 811 1484 853; x_wconf 79' lang='lat' dir='ltr'>tenuibus</span> <span class='ocrx_word' id='word_1_85' title='bbox 1507 810 1759 854; x_wconf 71' lang='lat' dir='ltr'>britannicis</span> <span class='ocrx_word' id='word_1_86' title='bbox 1789 812 1881 867; x_wconf 79' lang='lat' dir='ltr'>(pp.</span> <span class='ocrx_word' id='word_1_87' title='bbox 1910 815 2001 855; x_wconf 75' lang='lat'>145.</span> <span class='ocrx_word' id='word_1_88' title='bbox 2030 816 2120 855; x_wconf 82' lang='lat'><strong>146.</strong></span> 
     </span>
     <span class='ocr_line' id='line_1_9' title="bbox 155 882 397 937; baseline 0.004 -14"><span class='ocrx_word' id='word_1_89' title='bbox 155 883 247 926; x_wconf 85' lang='lat'><strong>160.</strong></span> <span class='ocrx_word' id='word_1_90' title='bbox 283 882 397 937; x_wconf 90' lang='grc'>161).</span> 
     </span>
    </p>

    <p class='ocr_par' dir='ltr' id='par_1_3' title="bbox 148 955 2122 1589">
     <span class='ocr_line' id='line_1_10' title="bbox 269 955 2121 1014; baseline 0.003 -17"><span class='ocrx_word' id='word_1_91' title='bbox 269 958 306 998; x_wconf 82' lang='grc'>3.</span> <span class='ocrx_word' id='word_1_92' title='bbox 355 955 696 998; x_wconf 81' lang='lat' dir='ltr'>Terminationes</span> <span class='ocrx_word' id='word_1_93' title='bbox 734 956 940 1011; x_wconf 77' lang='lat' dir='ltr'>quaedam</span> <span class='ocrx_word' id='word_1_94' title='bbox 979 959 1178 1013; x_wconf 81' lang='lat' dir='ltr'>propriae</span> <span class='ocrx_word' id='word_1_95' title='bbox 1215 957 1387 1012; x_wconf 81' lang='lat' dir='ltr'>linguae</span> <span class='ocrx_word' id='word_1_96' title='bbox 1419 956 1703 1010; x_wconf 70' lang='lat' dir='ltr'>britannicae,</span> <span class='ocrx_word' id='word_1_97' title='bbox 1743 964 1784 999; x_wconf 80' lang='lat' dir='ltr'>et</span> <span class='ocrx_word' id='word_1_98' title='bbox 1814 972 1919 1013; x_wconf 81' lang='lat' dir='ltr'>quas</span> <span class='ocrx_word' id='word_1_99' title='bbox 1951 960 2121 1014; x_wconf 79' lang='lat' dir='ltr'>ignorat</span> 
     </span>
     <span class='ocr_line' id='line_1_11' title="bbox 150 1028 2122 1088; baseline 0.002 -18"><span class='ocrx_word' id='word_1_100' title='bbox 150 1028 382 1082; x_wconf 75' lang='lat' dir='ltr'>hibernica,</span> <span class='ocrx_word' id='word_1_101' title='bbox 413 1035 669 1084; x_wconf 74' lang='lat' dir='ltr'>apparentes</span> <span class='ocrx_word' id='word_1_102' title='bbox 700 1029 746 1070; x_wconf 87' lang='lat' dir='ltr'>in</span> <span class='ocrx_word' id='word_1_103' title='bbox 776 1030 953 1072; x_wconf 84' lang='lat' dir='ltr'>vocibus</span> <span class='ocrx_word' id='word_1_104' title='bbox 983 1029 1150 1085; x_wconf 75' lang='lat' dir='ltr'>gallic-is</span> <span class='ocrx_word' id='word_1_105' title='bbox 1182 1031 1377 1084; x_wconf 78' lang='lat' dir='ltr'>vetustis,</span> <span class='ocrx_word' id='word_1_106' title='bbox 1410 1046 1446 1073; x_wconf 91' lang='lat' dir='ltr'>e.</span> <span class='ocrx_word' id='word_1_107' title='bbox 1468 1045 1530 1086; x_wconf 83' lang='lat' dir='ltr'>gr.</span> <span class='ocrx_word' id='word_1_108' title='bbox 1552 1044 1622 1071; x_wconf 78' lang='lat' dir='ltr'>-en</span> <span class='ocrx_word' id='word_1_109' title='bbox 1650 1029 1721 1072; x_wconf 86' lang='lat' dir='ltr'>vel</span> <span class='ocrx_word' id='word_1_110' title='bbox 1741 1045 1813 1071; x_wconf 81' lang='lat' dir='ltr'>·on</span> <span class='ocrx_word' id='word_1_111' title='bbox 1842 1038 1946 1073; x_wconf 87' lang='lat' dir='ltr'>nota</span> <span class='ocrx_word' id='word_1_112' title='bbox 1975 1032 2122 1088; x_wconf 85' lang='lat' dir='ltr'>singu-</span> 
     </span>
     <span class='ocr_line' id='line_1_12' title="bbox 149 1099 2120 1161; baseline 0.002 -18"><span class='ocrx_word' id='word_1_113' title='bbox 149 1101 330 1144; x_wconf 75' lang='lat' dir='ltr'>laritatis</span> <span class='ocrx_word' id='word_1_114' title='bbox 362 1101 408 1143; x_wconf 86' lang='lat' dir='ltr'>in</span> <span class='ocrx_word' id='word_1_115' title='bbox 426 1100 670 1144; x_wconf 87' lang='lat' dir='ltr'>nominibus</span> <span class='ocrx_word' id='word_1_116' title='bbox 692 1103 931 1158; x_wconf 84' lang='lat' dir='ltr'>plantarum</span> <span class='ocrx_word' id='word_1_117' title='bbox 963 1099 1215 1155; x_wconf 74' lang='grc' dir='ltr'>γελασονέν.</span> <span class='ocrx_word' id='word_1_118' title='bbox 1248 1099 1446 1158; x_wconf 45' lang='grc' dir='ltr'><em>σκοῑτιήὺ,</em></span> <span class='ocrx_word' id='word_1_119' title='bbox 1477 1103 1673 1156; x_wconf 85' lang='lat' dir='ltr'>titumen,</span> <span class='ocrx_word' id='word_1_120' title='bbox 1698 1102 1901 1145; x_wconf 84' lang='lat' dir='ltr'>betilolen</span> <span class='ocrx_word' id='word_1_121' title='bbox 1923 1104 1984 1161; x_wconf 89' lang='lat' dir='ltr'>(p.</span> <span class='ocrx_word' id='word_1_122' title='bbox 2004 1106 2120 1159; x_wconf 79' lang='lat'>296),</span> 
     </span>
     <span class='ocr_line' id='line_1_13' title="bbox 151 1174 2119 1231; baseline 0.002 -15"><span class='ocrx_word' id='word_1_123' title='bbox 151 1182 195 1217; x_wconf 84' lang='lat' dir='ltr'>et</span> <span class='ocrx_word' id='word_1_124' title='bbox 221 1175 265 1217; x_wconf 90' lang='lat' dir='ltr'>in</span> <span class='ocrx_word' id='word_1_125' title='bbox 296 1175 468 1217; x_wconf 83' lang='lat' dir='ltr'>nomine</span> <span class='ocrx_word' id='word_1_126' title='bbox 504 1175 589 1217; x_wconf 89' lang='lat' dir='ltr'>loci</span> <span class='ocrx_word' id='word_1_127' title='bbox 627 1174 770 1230; x_wconf 77' lang='lat' dir='ltr'>gallici</span> <span class='ocrx_word' id='word_1_128' title='bbox 802 1176 989 1218; x_wconf 80' lang='lat' dir='ltr'>Aballon</span> <span class='ocrx_word' id='word_1_129' title='bbox 1025 1175 1261 1231; x_wconf 76' lang='lat' dir='ltr'>(Ab-allone</span> <span class='ocrx_word' id='word_1_130' title='bbox 1291 1176 1373 1219; x_wconf 81' lang='lat' dir='ltr'>abl.</span> <span class='ocrx_word' id='word_1_131' title='bbox 1404 1177 1449 1218; x_wconf 87' lang='lat' dir='ltr'>in</span> <span class='ocrx_word' id='word_1_132' title='bbox 1479 1176 1606 1228; x_wconf 60' lang='lat' dir='ltr'>ltin„</span> <span class='ocrx_word' id='word_1_133' title='bbox 1638 1177 1795 1218; x_wconf 85' lang='lat' dir='ltr'>cambr.</span> <span class='ocrx_word' id='word_1_134' title='bbox 1828 1185 1911 1219; x_wconf 78' lang='lat' dir='ltr'>vet.</span> <span class='ocrx_word' id='word_1_135' title='bbox 1943 1178 2119 1231; x_wconf 65' lang='lat' dir='ltr'>abanan,</span> 
     </span>
     <span class='ocr_line' id='line_1_14' title="bbox 149 1248 2119 1308; baseline 0.002 -19"><span class='ocrx_word' id='word_1_136' title='bbox 149 1248 329 1300; x_wconf 80' lang='lat' dir='ltr'>auallen,</span> <span class='ocrx_word' id='word_1_137' title='bbox 361 1248 458 1290; x_wconf 83' lang='lat' dir='ltr'>hod.</span> <span class='ocrx_word' id='word_1_138' title='bbox 489 1249 660 1302; x_wconf 79' lang='lat' dir='ltr'>afallen,</span> <span class='ocrx_word' id='word_1_139' title='bbox 691 1249 838 1302; x_wconf 83' lang='lat' dir='ltr'>malus,</span> <span class='ocrx_word' id='word_1_140' title='bbox 872 1250 1007 1300; x_wconf 84' lang='lat' dir='ltr'>arbor,</span> <span class='ocrx_word' id='word_1_141' title='bbox 1037 1265 1080 1305; x_wconf 80' lang='lat' dir='ltr'>p.</span> <span class='ocrx_word' id='word_1_142' title='bbox 1106 1250 1210 1303; x_wconf 84' lang='lat'>819)</span> <span class='ocrx_word' id='word_1_143' title='bbox 1222 1281 1237 1301; x_wconf 88' lang='lat'>,.</span> <span class='ocrx_word' id='word_1_144' title='bbox 1263 1258 1320 1291; x_wconf 68' lang='lat' dir='ltr'>-et</span> <span class='ocrx_word' id='word_1_145' title='bbox 1349 1249 1593 1292; x_wconf 79' lang='lat' dir='ltr'>terminatio</span> <span class='ocrx_word' id='word_1_146' title='bbox 1621 1250 1786 1291; x_wconf 87' lang='lat' dir='ltr'>numeri</span> <span class='ocrx_word' id='word_1_147' title='bbox 1817 1250 1994 1306; x_wconf 88' lang='lat' dir='ltr'>pluralis</span> <span class='ocrx_word' id='word_1_148' title='bbox 2027 1252 2119 1308; x_wconf 82' lang='lat' dir='ltr'>(pp.</span> 
     </span>
     <span class='ocr_line' id='line_1_15' title="bbox 150 1321 2122 1379; baseline 0.002 -17"><span class='ocrx_word' id='word_1_149' title='bbox 150 1322 245 1362; x_wconf 81' lang='grc'><strong>291.</strong></span> <span class='ocrx_word' id='word_1_150' title='bbox 269 1321 371 1376; x_wconf 86' lang='grc'><strong>292)</strong></span> <span class='ocrx_word' id='word_1_151' title='bbox 401 1322 445 1363; x_wconf 93' lang='lat' dir='ltr'>in</span> <span class='ocrx_word' id='word_1_152' title='bbox 476 1321 648 1364; x_wconf 87' lang='lat' dir='ltr'>nomine</span> <span class='ocrx_word' id='word_1_153' title='bbox 677 1321 920 1378; x_wconf 84' lang='lat' dir='ltr'>germanico</span> <span class='ocrx_word' id='word_1_154' title='bbox 953 1337 1006 1365; x_wconf 81' lang='lat' dir='ltr'>ex</span> <span class='ocrx_word' id='word_1_155' title='bbox 1037 1335 1111 1364; x_wconf 78' lang='lat' dir='ltr'>ore</span> <span class='ocrx_word' id='word_1_156' title='bbox 1140 1322 1295 1378; x_wconf 77' lang='lat' dir='ltr'>gallico</span> <span class='ocrx_word' id='word_1_157' title='bbox 1325 1323 1470 1365; x_wconf 77' lang='lat' dir='ltr'>audito</span> <span class='ocrx_word' id='word_1_158' title='bbox 1501 1338 1527 1365; x_wconf 84' lang='lat' dir='ltr'>a</span> <span class='ocrx_word' id='word_1_159' title='bbox 1547 1322 1735 1366; x_wconf 82' lang='lat' dir='ltr'>Caesare</span> <span class='ocrx_word' id='word_1_160' title='bbox 1757 1322 1975 1377; x_wconf 79' lang='lat' dir='ltr'>Usipetes,</span> <span class='ocrx_word' id='word_1_161' title='bbox 2008 1324 2122 1379; x_wconf 89' lang='lat' dir='ltr'>quod</span> 
     </span>
     <span class='ocr_line' id='line_1_16' title="bbox 150 1394 2120 1452; baseline 0 -15"><span class='ocrx_word' id='word_1_162' title='bbox 150 1394 246 1437; x_wconf 85' lang='lat' dir='ltr'>aliis</span> <span class='ocrx_word' id='word_1_163' title='bbox 278 1394 559 1451; x_wconf 74' lang='lat' dir='ltr'>scriptoribus</span> <span class='ocrx_word' id='word_1_164' title='bbox 591 1394 685 1436; x_wconf 85' lang='lat' dir='ltr'>sine</span> <span class='ocrx_word' id='word_1_165' title='bbox 714 1395 1027 1437; x_wconf 80' lang='lat' dir='ltr'>terminatione·</span> <span class='ocrx_word' id='word_1_166' title='bbox 1047 1395 1205 1450; x_wconf 78' lang='lat' dir='ltr'>gallica</span> <span class='ocrx_word' id='word_1_167' title='bbox 1235 1402 1301 1438; x_wconf 80' lang='lat' dir='ltr'>est</span> <span class='ocrx_word' id='word_1_168' title='bbox 1330 1394 1481 1452; x_wconf 87' lang='lat' dir='ltr'>Usipi,</span> <span class='ocrx_word' id='word_1_169' title='bbox 1514 1394 1670 1452; x_wconf 86' lang='lat' dir='ltr'>Usipii,</span> <span class='ocrx_word' id='word_1_170' title='bbox 1704 1396 1851 1438; x_wconf 88' lang='lat' dir='ltr'>eodem</span> <span class='ocrx_word' id='word_1_171' title='bbox 1882 1396 2007 1437; x_wconf 89' lang='lat' dir='ltr'>modo</span> <span class='ocrx_word' id='word_1_172' title='bbox 2038 1410 2120 1451; x_wconf 89' lang='lat' dir='ltr'>quo</span> 
     </span>
     <span class='ocr_line' id='line_1_17' title="bbox 149 1466 2121 1524; baseline 0.001 -15"><span class='ocrx_word' id='word_1_173' title='bbox 149 1466 262 1524; x_wconf 89' lang='lat' dir='ltr'>apud</span> <span class='ocrx_word' id='word_1_174' title='bbox 292 1467 482 1510; x_wconf 89' lang='lat' dir='ltr'>Plinium</span> <span class='ocrx_word' id='word_1_175' title='bbox 514 1468 573 1523; x_wconf 88' lang='lat'>(3,</span> <span class='ocrx_word' id='word_1_176' title='bbox 597 1467 672 1523; x_wconf 90' lang='grc'>20)</span> <span class='ocrx_word' id='word_1_177' title='bbox 711 1475 810 1510; x_wconf 88' lang='lat' dir='ltr'>sunt</span> <span class='ocrx_word' id='word_1_178' title='bbox 845 1468 965 1510; x_wconf 83' lang='lat' dir='ltr'>iuxta</span> <span class='ocrx_word' id='word_1_179' title='bbox 996 1468 1230 1511; x_wconf 84' lang='lat' dir='ltr'>Sarunetes</span> <span class='ocrx_word' id='word_1_180' title='bbox 1271 1468 1398 1510; x_wconf 85' lang='lat' dir='ltr'>etiam</span> <span class='ocrx_word' id='word_1_181' title='bbox 1427 1468 1726 1520; x_wconf 77' lang='lat' dir='ltr'>Vennonetes,</span> <span class='ocrx_word' id='word_1_182' title='bbox 1767 1469 1839 1524; x_wconf 85' lang='lat' dir='ltr'>qui</span> <span class='ocrx_word' id='word_1_183' title='bbox 1876 1467 2121 1511; x_wconf 78' lang='lat' dir='ltr'>Ptolemaeo</span> 
     </span>
     <span class='ocr_line' id='line_1_18' title="bbox 148 1536 639 1589; baseline -0.002 -6"><span class='ocrx_word' id='word_1_184' title='bbox 148 1547 356 1583; x_wconf 78' lang='lat' dir='ltr'>vocantur</span> <span class='ocrx_word' id='word_1_185' title='bbox 391 1536 639 1589; x_wconf 58' lang='lat' dir='ltr'>Ofie&#39;woveg.</span> 
     </span>
    </p>

    <p class='ocr_par' dir='ltr' id='par_1_4' title="bbox 143 1613 2124 3423">
     <span class='ocr_line' id='line_1_19' title="bbox 265 1613 2121 1671; baseline -0.001 -13"><span class='ocrx_word' id='word_1_186' title='bbox 265 1615 303 1658; x_wconf 82' lang='lat'>4.</span> <span class='ocrx_word' id='word_1_187' title='bbox 354 1614 492 1659; x_wconf 87' lang='lat' dir='ltr'>Voces</span> <span class='ocrx_word' id='word_1_188' title='bbox 525 1613 732 1669; x_wconf 85' lang='lat' dir='ltr'>quaedam</span> <span class='ocrx_word' id='word_1_189' title='bbox 763 1613 809 1656; x_wconf 91' lang='lat' dir='ltr'>in</span> <span class='ocrx_word' id='word_1_190' title='bbox 837 1614 1083 1658; x_wconf 86' lang='lat' dir='ltr'>nominibus</span> <span class='ocrx_word' id='word_1_191' title='bbox 1113 1614 1283 1671; x_wconf 86' lang='lat' dir='ltr'>gallicis</span> <span class='ocrx_word' id='word_1_192' title='bbox 1315 1615 1496 1658; x_wconf 78' lang='lat' dir='ltr'>vetustis</span> <span class='ocrx_word' id='word_1_193' title='bbox 1529 1622 1571 1656; x_wconf 89' lang='lat' dir='ltr'>et</span> <span class='ocrx_word' id='word_1_194' title='bbox 1600 1615 1874 1668; x_wconf 83' lang='lat' dir='ltr'>britannicis,</span> <span class='ocrx_word' id='word_1_195' title='bbox 1910 1630 2018 1670; x_wconf 82' lang='lat' dir='ltr'>quae</span> <span class='ocrx_word' id='word_1_196' title='bbox 2050 1616 2121 1657; x_wconf 85' lang='lat' dir='ltr'>de-</span> 
     </span>
     <span class='ocr_line' id='line_1_20' title="bbox 150 1687 2119 1745; baseline -0.002 -14"><span class='ocrx_word' id='word_1_197' title='bbox 150 1694 249 1731; x_wconf 78' lang='lat' dir='ltr'>sunt</span> <span class='ocrx_word' id='word_1_198' title='bbox 279 1688 325 1732; x_wconf 87' lang='lat' dir='ltr'>in</span> <span class='ocrx_word' id='word_1_199' title='bbox 344 1687 566 1732; x_wconf 84' lang='lat' dir='ltr'>hibernica</span> <span class='ocrx_word' id='word_1_200' title='bbox 587 1688 747 1744; x_wconf 80' lang='lat' dir='ltr'>fingua.</span> <span class='ocrx_word' id='word_1_201' title='bbox 790 1687 901 1731; x_wconf 82' lang='lat' dir='ltr'>Prae</span> <span class='ocrx_word' id='word_1_202' title='bbox 921 1688 1018 1731; x_wconf 79' lang='lat' dir='ltr'>aliis</span> <span class='ocrx_word' id='word_1_203' title='bbox 1050 1688 1310 1731; x_wconf 83' lang='lat' dir='ltr'>nominanda</span> <span class='ocrx_word' id='word_1_204' title='bbox 1341 1694 1408 1730; x_wconf 81' lang='lat' dir='ltr'>est</span> <span class='ocrx_word' id='word_1_205' title='bbox 1426 1688 1637 1745; x_wconf 82' lang='lat' dir='ltr'>particula</span> <span class='ocrx_word' id='word_1_206' title='bbox 1656 1688 1958 1743; x_wconf 83' lang='lat' dir='ltr'>inseparabilis</span> <span class='ocrx_word' id='word_1_207' title='bbox 1977 1703 2119 1743; x_wconf 49' lang='lat' dir='ltr'>ymera,</span> 
     </span>
     <span class='ocr_line' id='line_1_21' title="bbox 145 1760 2120 1818; baseline 0 -16"><span class='ocrx_word' id='word_1_208' title='bbox 145 1775 263 1818; x_wconf 71' lang='lat' dir='ltr'>yur-,</span> <span class='ocrx_word' id='word_1_209' title='bbox 294 1775 389 1818; x_wconf 69' lang='lat'>90⁷-</span> <span class='ocrx_word' id='word_1_210' title='bbox 428 1761 586 1803; x_wconf 81' lang='lat' dir='ltr'>usitata</span> <span class='ocrx_word' id='word_1_211' title='bbox 624 1760 750 1803; x_wconf 81' lang='lat' dir='ltr'>etiam</span> <span class='ocrx_word' id='word_1_212' title='bbox 789 1760 834 1802; x_wconf 88' lang='lat' dir='ltr'>in</span> <span class='ocrx_word' id='word_1_213' title='bbox 863 1760 1071 1804; x_wconf 83' lang='lat' dir='ltr'>hodierna</span> <span class='ocrx_word' id='word_1_214' title='bbox 1100 1761 1247 1817; x_wconf 84' lang='lat' dir='ltr'>lingua</span> <span class='ocrx_word' id='word_1_215' title='bbox 1278 1761 1515 1814; x_wconf 73' lang='lat' dir='ltr'>cambrioa,</span> <span class='ocrx_word' id='word_1_216' title='bbox 1550 1761 1753 1817; x_wconf 85' lang='lat' dir='ltr'>frequens</span> <span class='ocrx_word' id='word_1_217' title='bbox 1791 1761 1834 1802; x_wconf 88' lang='lat' dir='ltr'>in</span> <span class='ocrx_word' id='word_1_218' title='bbox 1876 1761 2120 1804; x_wconf 79' lang='lat' dir='ltr'>nominibus</span> 
     </span>
     <span class='ocr_line' id='line_1_22' title="bbox 149 1832 2123 1892; baseline -0.001 -16"><span class='ocrx_word' id='word_1_219' title='bbox 149 1835 340 1892; x_wconf 80' lang='lat' dir='ltr'>propriis</span> <span class='ocrx_word' id='word_1_220' title='bbox 378 1835 556 1878; x_wconf 79' lang='lat' dir='ltr'>virorum</span> <span class='ocrx_word' id='word_1_221' title='bbox 590 1833 838 1891; x_wconf 80' lang='lat' dir='ltr'>compositis</span> <span class='ocrx_word' id='word_1_222' title='bbox 869 1832 1121 1878; x_wconf 82' lang='lat' dir='ltr'>britannicis</span> <span class='ocrx_word' id='word_1_223' title='bbox 1153 1834 1281 1877; x_wconf 86' lang='lat' dir='ltr'>medii</span> <span class='ocrx_word' id='word_1_224' title='bbox 1314 1835 1422 1887; x_wconf 85' lang='lat' dir='ltr'>aevi,</span> <span class='ocrx_word' id='word_1_225' title='bbox 1455 1834 1680 1877; x_wconf 87' lang='lat' dir='ltr'>cambricis</span> <span class='ocrx_word' id='word_1_226' title='bbox 1714 1840 1756 1876; x_wconf 90' lang='lat' dir='ltr'>et</span> <span class='ocrx_word' id='word_1_227' title='bbox 1787 1834 2044 1887; x_wconf 85' lang='lat' dir='ltr'>aremoricis,</span> <span class='ocrx_word' id='word_1_228' title='bbox 2078 1841 2123 1875; x_wconf 83' lang='lat' dir='ltr'>ut</span> 
     </span>
     <span class='ocr_line' id='line_1_23' title="bbox 150 1906 2118 1964; baseline -0.002 -10"><span class='ocrx_word' id='word_1_229' title='bbox 150 1908 196 1954; x_wconf 72' lang='lat' dir='ltr'>in</span> <span class='ocrx_word' id='word_1_230' title='bbox 223 1908 471 1953; x_wconf 85' lang='lat' dir='ltr'>nominibus</span> <span class='ocrx_word' id='word_1_231' title='bbox 510 1915 692 1951; x_wconf 75' lang='lat' dir='ltr'>vetustis</span> <span class='ocrx_word' id='word_1_232' title='bbox 729 1907 895 1963; x_wconf 81' lang='lat' dir='ltr'>gallicis</span> <span class='ocrx_word' id='word_1_233' title='bbox 937 1914 978 1952; x_wconf 85' lang='lat' dir='ltr'>et</span> <span class='ocrx_word' id='word_1_234' title='bbox 1009 1907 1280 1960; x_wconf 77' lang='lat' dir='ltr'>britannicis,</span> <span class='ocrx_word' id='word_1_235' title='bbox 1322 1924 1357 1951; x_wconf 90' lang='lat' dir='ltr'>e.</span> <span class='ocrx_word' id='word_1_236' title='bbox 1389 1923 1451 1964; x_wconf 80' lang='lat' dir='ltr'>gr.</span> <span class='ocrx_word' id='word_1_237' title='bbox 1490 1906 1839 1963; x_wconf 81' lang='lat' dir='ltr'>Vercingetorix,</span> <span class='ocrx_word' id='word_1_238' title='bbox 1880 1914 2118 1963; x_wconf 75' lang='lat' dir='ltr'>vertragus,</span> 
     </span>
     <span class='ocr_line' id='line_1_24' title="bbox 149 1979 2121 2037; baseline -0.001 -13"><span class='ocrx_word' id='word_1_239' title='bbox 149 1981 465 2033; x_wconf 85' lang='lat' dir='ltr'>Vernemetum,</span> <span class='ocrx_word' id='word_1_240' title='bbox 500 1981 778 2037; x_wconf 83' lang='lat' dir='ltr'>Vertigernus</span> <span class='ocrx_word' id='word_1_241' title='bbox 801 1989 880 2023; x_wconf 83' lang='lat' dir='ltr'>etc.</span> <span class='ocrx_word' id='word_1_242' title='bbox 913 1979 986 2035; x_wconf 76' lang='lat' dir='ltr'>(cf.</span> <span class='ocrx_word' id='word_1_243' title='bbox 1008 1996 1080 2036; x_wconf 89' lang='lat' dir='ltr'>pp.</span> <span class='ocrx_word' id='word_1_244' title='bbox 1109 1981 1201 2023; x_wconf 84' lang='lat'><strong>130.</strong></span> <span class='ocrx_word' id='word_1_245' title='bbox 1238 1982 1317 2024; x_wconf 85' lang='grc'><strong>133</strong></span> <span class='ocrx_word' id='word_1_246' title='bbox 1349 1990 1392 2024; x_wconf 84' lang='lat' dir='ltr'>et</span> <span class='ocrx_word' id='word_1_247' title='bbox 1413 1981 1529 2035; x_wconf 81' lang='lat'>895),</span> <span class='ocrx_word' id='word_1_248' title='bbox 1564 1981 1684 2023; x_wconf 83' lang='lat' dir='ltr'>cuins</span> <span class='ocrx_word' id='word_1_249' title='bbox 1715 1980 1952 2036; x_wconf 79' lang='lat' dir='ltr'>particulae</span> <span class='ocrx_word' id='word_1_250' title='bbox 1982 1981 2121 2022; x_wconf 73' lang='lat' dir='ltr'>inten-</span> 
     </span>
     <span class='ocr_line' id='line_1_25' title="bbox 150 2052 2121 2110; baseline -0.001 -14"><span class='ocrx_word' id='word_1_251' title='bbox 150 2054 269 2097; x_wconf 83' lang='lat' dir='ltr'>sivae</span> <span class='ocrx_word' id='word_1_252' title='bbox 289 2054 333 2096; x_wconf 92' lang='lat' dir='ltr'>in</span> <span class='ocrx_word' id='word_1_253' title='bbox 355 2054 502 2110; x_wconf 82' lang='lat' dir='ltr'>lingua</span> <span class='ocrx_word' id='word_1_254' title='bbox 522 2054 744 2096; x_wconf 79' lang='lat' dir='ltr'>hibernica</span> <span class='ocrx_word' id='word_1_255' title='bbox 763 2053 926 2095; x_wconf 87' lang='lat' dir='ltr'>nullum</span> <span class='ocrx_word' id='word_1_256' title='bbox 948 2054 1176 2109; x_wconf 82' lang='lat' dir='ltr'>vestigium</span> <span class='ocrx_word' id='word_1_257' title='bbox 1197 2054 1299 2096; x_wconf 86' lang='lat' dir='ltr'>mihi</span> <span class='ocrx_word' id='word_1_258' title='bbox 1321 2055 1491 2097; x_wconf 88' lang='lat' dir='ltr'>obvium</span> <span class='ocrx_word' id='word_1_259' title='bbox 1515 2062 1591 2097; x_wconf 84' lang='lat' dir='ltr'>est.</span> <span class='ocrx_word' id='word_1_260' title='bbox 1629 2052 1762 2096; x_wconf 86' lang='lat' dir='ltr'>Porro</span> <span class='ocrx_word' id='word_1_261' title='bbox 1783 2054 1893 2096; x_wconf 87' lang='lat' dir='ltr'>aliae</span> <span class='ocrx_word' id='word_1_262' title='bbox 1915 2053 2121 2109; x_wconf 79' lang='lat' dir='ltr'>quaedam</span> 
     </span>
     <span class='ocr_line' id='line_1_26' title="bbox 152 2126 2122 2193; baseline -0.001 -24"><span class='ocrx_word' id='word_1_263' title='bbox 152 2143 302 2171; x_wconf 85' lang='lat' dir='ltr'>voces:</span> <span class='ocrx_word' id='word_1_264' title='bbox 353 2145 467 2170; x_wconf 70' lang='lat' dir='ltr'>anau</span> <span class='ocrx_word' id='word_1_265' title='bbox 498 2128 675 2182; x_wconf 84' lang='lat' dir='ltr'>(cambr.</span> <span class='ocrx_word' id='word_1_266' title='bbox 706 2126 803 2169; x_wconf 86' lang='lat' dir='ltr'>hod.</span> <span class='ocrx_word' id='word_1_267' title='bbox 837 2142 958 2167; x_wconf 76' lang='lat' dir='ltr'>(maw</span> <span class='ocrx_word' id='word_1_268' title='bbox 989 2142 1143 2191; x_wconf 60' lang='lat' dir='ltr'>masc,</span> <span class='ocrx_word' id='word_1_269' title='bbox 1173 2127 1324 2180; x_wconf 76' lang='lat' dir='ltr'>forma,</span> <span class='ocrx_word' id='word_1_270' title='bbox 1355 2127 1600 2180; x_wconf 87' lang='lat' dir='ltr'>harmonia,</span> <span class='ocrx_word' id='word_1_271' title='bbox 1635 2126 1822 2182; x_wconf 71' lang='lat' dir='ltr'>poesis),</span> <span class='ocrx_word' id='word_1_272' title='bbox 1855 2142 1963 2193; x_wconf 74' lang='lat' dir='ltr'>quae</span> <span class='ocrx_word' id='word_1_273' title='bbox 1995 2127 2122 2169; x_wconf 83' lang='lat' dir='ltr'>obvia</span> 
     </span>
     <span class='ocr_line' id='line_1_27' title="bbox 148 2198 2121 2256; baseline -0.001 -12"><span class='ocrx_word' id='word_1_274' title='bbox 148 2208 213 2244; x_wconf 82' lang='lat' dir='ltr'>est</span> <span class='ocrx_word' id='word_1_275' title='bbox 252 2202 295 2244; x_wconf 83' lang='lat' dir='ltr'>&#39;m</span> <span class='ocrx_word' id='word_1_276' title='bbox 326 2201 570 2245; x_wconf 82' lang='lat' dir='ltr'>nominibus</span> <span class='ocrx_word' id='word_1_277' title='bbox 599 2201 894 2256; x_wconf 78' lang='lat' dir='ltr'>frequentibus</span> <span class='ocrx_word' id='word_1_278' title='bbox 925 2198 1117 2243; x_wconf 82' lang='lat' dir='ltr'>virorum</span> <span class='ocrx_word' id='word_1_279' title='bbox 1153 2200 1225 2243; x_wconf 79' lang='lat' dir='ltr'>vel</span> <span class='ocrx_word' id='word_1_280' title='bbox 1260 2200 1510 2243; x_wconf 86' lang='lat' dir='ltr'>feminarum</span> <span class='ocrx_word' id='word_1_281' title='bbox 1542 2200 1768 2243; x_wconf 82' lang='lat' dir='ltr'>cambricis</span> <span class='ocrx_word' id='word_1_282' title='bbox 1806 2207 1849 2242; x_wconf 81' lang='lat' dir='ltr'>et</span> <span class='ocrx_word' id='word_1_283' title='bbox 1877 2202 2121 2243; x_wconf 82' lang='lat' dir='ltr'>aremoricis</span> 
     </span>
     <span class='ocr_line' id='line_1_28' title="bbox 144 2272 2121 2330; baseline -0.002 -14"><span class='ocrx_word' id='word_1_284' title='bbox 144 2275 243 2317; x_wconf 87' lang='lat' dir='ltr'>libri</span> <span class='ocrx_word' id='word_1_285' title='bbox 273 2274 572 2318; x_wconf 76' lang='lat' dir='ltr'>Landave&#39;nsis</span> <span class='ocrx_word' id='word_1_286' title='bbox 600 2273 673 2316; x_wconf 71' lang='lat' dir='ltr'>vel</span> <span class='ocrx_word' id='word_1_287' title='bbox 692 2272 940 2316; x_wconf 83' lang='lat' dir='ltr'>chartularii</span> <span class='ocrx_word' id='word_1_288' title='bbox 963 2272 1264 2315; x_wconf 81' lang='lat' dir='ltr'>Rhedonensis</span> <span class='ocrx_word' id='word_1_289' title='bbox 1286 2274 1551 2330; x_wconf 84' lang='lat' dir='ltr'>compositis,</span> <span class='ocrx_word' id='word_1_290' title='bbox 1587 2279 1629 2314; x_wconf 83' lang='lat' dir='ltr'>ut</span> <span class='ocrx_word' id='word_1_291' title='bbox 1650 2273 1869 2327; x_wconf 69' lang='lat' dir='ltr'>Anauyen,</span> <span class='ocrx_word' id='word_1_292' title='bbox 1900 2272 2121 2324; x_wconf 75' lang='lat' dir='ltr'>Anauueo&#39;,</span> 
     </span>
     <span class='ocr_line' id='line_1_29' title="bbox 148 2344 2121 2402; baseline -0.001 -14"><span class='ocrx_word' id='word_1_293' title='bbox 148 2347 421 2401; x_wconf 69' lang='lat' dir='ltr'>Anauweten,</span> <span class='ocrx_word' id='word_1_294' title='bbox 454 2350 729 2399; x_wconf 40' lang='lat' dir='ltr'>Anauwosrec,</span> <span class='ocrx_word' id='word_1_295' title='bbox 760 2344 955 2398; x_wconf 78' lang='lat' dir='ltr'>Rianau,</span> <span class='ocrx_word' id='word_1_296' title='bbox 987 2345 1212 2398; x_wconf 80' lang='lat' dir='ltr'>Dreanau,</span> <span class='ocrx_word' id='word_1_297' title='bbox 1248 2346 1443 2388; x_wconf 68' lang='lat' dir='ltr'>Ralawau</span> <span class='ocrx_word' id='word_1_298' title='bbox 1475 2353 1555 2389; x_wconf 85' lang='lat' dir='ltr'>etc.</span> <span class='ocrx_word' id='word_1_299' title='bbox 1596 2346 1688 2402; x_wconf 89' lang='lat' dir='ltr'>(pp.</span> <span class='ocrx_word' id='word_1_300' title='bbox 1726 2346 1817 2387; x_wconf 75' lang='lat'>129.</span> <span class='ocrx_word' id='word_1_301' title='bbox 1854 2345 1973 2399; x_wconf 75' lang='lat'>132),</span> <span class='ocrx_word' id='word_1_302' title='bbox 2014 2361 2121 2402; x_wconf 82' lang='lat' dir='ltr'>quae</span> 
     </span>
     <span class='ocr_line' id='line_1_30' title="bbox 149 2418 2124 2475; baseline -0.002 -12"><span class='ocrx_word' id='word_1_303' title='bbox 149 2420 282 2463; x_wconf 83' lang='lat' dir='ltr'>obvia</span> <span class='ocrx_word' id='word_1_304' title='bbox 314 2426 386 2466; x_wconf 74' lang='lat' dir='ltr'>vest</span> <span class='ocrx_word' id='word_1_305' title='bbox 423 2420 549 2465; x_wconf 78' lang='lat' dir='ltr'>etiam</span> <span class='ocrx_word' id='word_1_306' title='bbox 587 2427 670 2463; x_wconf 77' lang='lat' dir='ltr'>tam</span> <span class='ocrx_word' id='word_1_307' title='bbox 711 2419 902 2462; x_wconf 84' lang='lat' dir='ltr'>derivata</span> <span class='ocrx_word' id='word_1_308' title='bbox 940 2433 1067 2475; x_wconf 87' lang='lat' dir='ltr'>quam</span> <span class='ocrx_word' id='word_1_309' title='bbox 1103 2419 1220 2463; x_wconf 82' lang='lat' dir='ltr'>nuda</span> <span class='ocrx_word' id='word_1_310' title='bbox 1253 2418 1358 2462; x_wconf 83' lang='lat' dir='ltr'>item</span> <span class='ocrx_word' id='word_1_311' title='bbox 1394 2419 1439 2460; x_wconf 92' lang='lat' dir='ltr'>in</span> <span class='ocrx_word' id='word_1_312' title='bbox 1475 2418 1719 2461; x_wconf 87' lang='lat' dir='ltr'>nominibus</span> <span class='ocrx_word' id='word_1_313' title='bbox 1758 2420 1915 2461; x_wconf 84' lang='lat' dir='ltr'>cambr.</span> <span class='ocrx_word' id='word_1_314' title='bbox 1947 2418 2124 2461; x_wconf 66' lang='lat' dir='ltr'>Anam·</span> 
     </span>
     <span class='ocr_line' id='line_1_31' title="bbox 143 2491 2123 2547; baseline -0.002 -11"><span class='ocrx_word' id='word_1_315' title='bbox 143 2493 238 2537; x_wconf 86' lang='lat' dir='ltr'>Lib.</span> <span class='ocrx_word' id='word_1_316' title='bbox 271 2493 407 2536; x_wconf 85' lang='lat' dir='ltr'>Laud.</span> <span class='ocrx_word' id='word_1_317' title='bbox 442 2495 535 2545; x_wconf 81' lang='lat'>156,</span> <span class='ocrx_word' id='word_1_318' title='bbox 569 2508 697 2535; x_wconf 81' lang='lat' dir='ltr'>arem.</span> <span class='ocrx_word' id='word_1_319' title='bbox 734 2491 860 2533; x_wconf 71' lang='lat' dir='ltr'>Aoum</span> <span class='ocrx_word' id='word_1_320' title='bbox 889 2491 1026 2534; x_wconf 80' lang='lat' dir='ltr'>Rhed.</span> <span class='ocrx_word' id='word_1_321' title='bbox 1060 2493 1098 2544; x_wconf 88' lang='lat'>1,</span> <span class='ocrx_word' id='word_1_322' title='bbox 1118 2492 1187 2534; x_wconf 78' lang='lat'>48.</span> <span class='ocrx_word' id='word_1_323' title='bbox 1217 2491 1272 2534; x_wconf 94' lang='lat' dir='ltr'>D.</span> <span class='ocrx_word' id='word_1_324' title='bbox 1294 2491 1405 2534; x_wconf 90' lang='lat' dir='ltr'>Mor.</span> <span class='ocrx_word' id='word_1_325' title='bbox 1435 2492 1540 2544; x_wconf 87' lang='grc'><strong>272,</strong></span> <span class='ocrx_word' id='word_1_326' title='bbox 1573 2505 1682 2547; x_wconf 84' lang='lat' dir='ltr'>quae</span> <span class='ocrx_word' id='word_1_327' title='bbox 1713 2506 1798 2534; x_wconf 78' lang='lat' dir='ltr'>vox</span> <span class='ocrx_word' id='word_1_328' title='bbox 1827 2491 1911 2532; x_wconf 83' lang='lat' dir='ltr'>iam</span> <span class='ocrx_word' id='word_1_329' title='bbox 1942 2498 2123 2547; x_wconf 83' lang='lat' dir='ltr'>apparet</span> 
     </span>
     <span class='ocr_line' id='line_1_32' title="bbox 144 2557 2121 2621; baseline -0.002 -13"><span class='ocrx_word' id='word_1_330' title='bbox 144 2566 249 2609; x_wconf 86' lang='lat' dir='ltr'>item</span> <span class='ocrx_word' id='word_1_331' title='bbox 286 2568 403 2610; x_wconf 78' lang='lat' dir='ltr'>nuda</span> <span class='ocrx_word' id='word_1_332' title='bbox 441 2568 487 2609; x_wconf 83' lang='lat' dir='ltr'>in</span> <span class='ocrx_word' id='word_1_333' title='bbox 531 2568 703 2609; x_wconf 82' lang='lat' dir='ltr'>nomine</span> <span class='ocrx_word' id='word_1_334' title='bbox 743 2563 891 2621; x_wconf 85' lang='lat' dir='ltr'>oppidi</span> <span class='ocrx_word' id='word_1_335' title='bbox 932 2564 986 2606; x_wconf 85' lang='lat' dir='ltr'>ad</span> <span class='ocrx_word' id='word_1_336' title='bbox 1016 2563 1263 2607; x_wconf 78' lang='lat' dir='ltr'>Danuvium</span> <span class='ocrx_word' id='word_1_337' title='bbox 1288 2557 1480 2613; x_wconf 63' lang='lat' dir='ltr'>&#39;Aram</span> <span class='ocrx_word' id='word_1_338' title='bbox 1516 2564 1672 2619; x_wconf 77' lang='lat' dir='ltr'>(ultimi</span> <span class='ocrx_word' id='word_1_339' title='bbox 1704 2563 1961 2607; x_wconf 77' lang='lat' dir='ltr'>Germaniae</span> <span class='ocrx_word' id='word_1_340' title='bbox 2005 2564 2121 2605; x_wconf 80' lang='lat' dir='ltr'>circa</span> 
     </span>
     <span class='ocr_line' id='line_1_33' title="bbox 146 2635 2119 2694; baseline -0.002 -12"><span class='ocrx_word' id='word_1_341' title='bbox 146 2641 257 2683; x_wconf 84' lang='lat' dir='ltr'>fines</span> <span class='ocrx_word' id='word_1_342' title='bbox 287 2640 551 2693; x_wconf 86' lang='lat' dir='ltr'>Pannoniae,</span> <span class='ocrx_word' id='word_1_343' title='bbox 587 2642 659 2683; x_wconf 83' lang='lat' dir='ltr'>ubi</span> <span class='ocrx_word' id='word_1_344' title='bbox 693 2642 788 2681; x_wconf 70' lang='lat' dir='ltr'>sine</span> <span class='ocrx_word' id='word_1_345' title='bbox 819 2638 947 2680; x_wconf 83' lang='lat' dir='ltr'>dubio</span> <span class='ocrx_word' id='word_1_346' title='bbox 976 2636 1121 2691; x_wconf 82' lang='lat' dir='ltr'>gallici</span> <span class='ocrx_word' id='word_1_347' title='bbox 1154 2638 1301 2694; x_wconf 87' lang='lat' dir='ltr'>populi</span> <span class='ocrx_word' id='word_1_348' title='bbox 1334 2635 1638 2691; x_wconf 76' lang='lat' dir='ltr'>consederant)</span> <span class='ocrx_word' id='word_1_349' title='bbox 1670 2637 1782 2694; x_wconf 80' lang='lat' dir='ltr'>apud</span> <span class='ocrx_word' id='word_1_350' title='bbox 1812 2636 2119 2687; x_wconf 69' lang='lat' dir='ltr'>Ptolemaeum,</span> 
     </span>
     <span class='ocr_line' id='line_1_34' title="bbox 149 2709 2123 2767; baseline -0.002 -12"><span class='ocrx_word' id='word_1_351' title='bbox 149 2720 194 2755; x_wconf 85' lang='lat' dir='ltr'>et</span> <span class='ocrx_word' id='word_1_352' title='bbox 220 2713 266 2755; x_wconf 86' lang='lat' dir='ltr'>in</span> <span class='ocrx_word' id='word_1_353' title='bbox 286 2714 458 2757; x_wconf 88' lang='lat' dir='ltr'>nomine</span> <span class='ocrx_word' id='word_1_354' title='bbox 488 2710 929 2756; x_wconf 73' lang='lat' dir='ltr'>feminaeAnauonia</span> <span class='ocrx_word' id='word_1_355' title='bbox 956 2710 1002 2753; x_wconf 90' lang='lat' dir='ltr'>in</span> <span class='ocrx_word' id='word_1_356' title='bbox 1022 2710 1303 2767; x_wconf 76' lang='lat' dir='ltr'>inscriptione</span> <span class='ocrx_word' id='word_1_357' title='bbox 1333 2710 1446 2766; x_wconf 85' lang='lat' dir='ltr'>apud</span> <span class='ocrx_word' id='word_1_358' title='bbox 1469 2709 1603 2753; x_wconf 82' lang='lat' dir='ltr'>Stein.</span> <span class='ocrx_word' id='word_1_359' title='bbox 1628 2712 1722 2764; x_wconf 81' lang='lat'>985,</span> <span class='ocrx_word' id='word_1_360' title='bbox 1755 2710 1946 2752; x_wconf 76' lang='lat' dir='ltr'>derivato</span> <span class='ocrx_word' id='word_1_361' title='bbox 1980 2717 2023 2752; x_wconf 79' lang='lat' dir='ltr'>ut</span> <span class='ocrx_word' id='word_1_362' title='bbox 2040 2711 2123 2752; x_wconf 86' lang='lat' dir='ltr'>alia</span> 
     </span>
     <span class='ocr_line' id='line_1_35' title="bbox 151 2782 2122 2843; baseline -0.003 -14"><span class='ocrx_word' id='word_1_363' title='bbox 151 2787 326 2829; x_wconf 87' lang='lat' dir='ltr'>nomina</span> <span class='ocrx_word' id='word_1_364' title='bbox 354 2787 526 2843; x_wconf 79' lang='lat' dir='ltr'>propria</span> <span class='ocrx_word' id='word_1_365' title='bbox 556 2787 602 2828; x_wconf 90' lang='lat' dir='ltr'>in</span> <span class='ocrx_word' id='word_1_366' title='bbox 632 2786 792 2838; x_wconf 87' lang='lat' dir='ltr'>-onius,</span> <span class='ocrx_word' id='word_1_367' title='bbox 823 2783 944 2826; x_wconf 84' lang='lat' dir='ltr'>-onia</span> <span class='ocrx_word' id='word_1_368' title='bbox 975 2783 1036 2839; x_wconf 92' lang='lat' dir='ltr'>(p.</span> <span class='ocrx_word' id='word_1_369' title='bbox 1071 2783 1187 2837; x_wconf 88' lang='grc'><strong>772).</strong></span> <span class='ocrx_word' id='word_1_370' title='bbox 1254 2782 1476 2839; x_wconf 88' lang='lat' dir='ltr'>Frequens</span> <span class='ocrx_word' id='word_1_371' title='bbox 1508 2791 1574 2825; x_wconf 85' lang='lat' dir='ltr'>est</span> <span class='ocrx_word' id='word_1_372' title='bbox 1604 2782 1731 2825; x_wconf 82' lang='lat' dir='ltr'>etiam</span> <span class='ocrx_word' id='word_1_373' title='bbox 1761 2783 2013 2824; x_wconf 78' lang='lat' dir='ltr'>vocabulum</span> <span class='ocrx_word' id='word_1_374' title='bbox 2043 2798 2122 2823; x_wconf 42' lang='lat' dir='ltr'>cmc&gt;</span> 
     </span>
     <span class='ocr_line' id='line_1_36' title="bbox 149 2853 2122 2910; baseline -0.003 -9"><span class='ocrx_word' id='word_1_375' title='bbox 149 2856 459 2903; x_wconf 88' lang='lat' dir='ltr'>innominibus</span> <span class='ocrx_word' id='word_1_376' title='bbox 490 2857 743 2903; x_wconf 78' lang='lat' dir='ltr'>britannicis</span> <span class='ocrx_word' id='word_1_377' title='bbox 765 2855 1067 2909; x_wconf 82' lang='lat' dir='ltr'>Cunobilinus,</span> <span class='ocrx_word' id='word_1_378' title='bbox 1103 2854 1381 2910; x_wconf 81' lang='lat' dir='ltr'>Cunctamus,</span> <span class='ocrx_word' id='word_1_379' title='bbox 1414 2855 1718 2910; x_wconf 82' lang='lat' dir='ltr'>Cunomaglus,</span> <span class='ocrx_word' id='word_1_380' title='bbox 1747 2853 2044 2910; x_wconf 79' lang='lat' dir='ltr'>Maglccunus,</span> <span class='ocrx_word' id='word_1_381' title='bbox 2078 2868 2122 2896; x_wconf 73' lang='lat' dir='ltr'>uu.</span> 
     </span>
     <span class='ocr_line' id='line_1_37' title="bbox 148 2926 2122 2988; baseline -0.002 -15"><span class='ocrx_word' id='word_1_382' title='bbox 148 2933 192 2974; x_wconf 88' lang='lat' dir='ltr'>in</span> <span class='ocrx_word' id='word_1_383' title='bbox 216 2932 384 2988; x_wconf 83' lang='lat' dir='ltr'>gallicis</span> <span class='ocrx_word' id='word_1_384' title='bbox 412 2928 622 2984; x_wconf 44' lang='lat' dir='ltr'>’Asadi-m</span> <span class='ocrx_word' id='word_1_385' title='bbox 646 2926 730 2987; x_wconf 63' lang='lat'><em>750²)</em></span> <span class='ocrx_word' id='word_1_386' title='bbox 762 2946 829 2987; x_wconf 80' lang='lat' dir='ltr'>ap.</span> <span class='ocrx_word' id='word_1_387' title='bbox 850 2930 1045 2981; x_wconf 85' lang='lat' dir='ltr'>Aristot.,</span> <span class='ocrx_word' id='word_1_388' title='bbox 1078 2928 1301 2985; x_wconf 84' lang='lat' dir='ltr'>Hercynia</span> <span class='ocrx_word' id='word_1_389' title='bbox 1321 2929 1444 2982; x_wconf 84' lang='lat' dir='ltr'>silva,</span> <span class='ocrx_word' id='word_1_390' title='bbox 1469 2929 1757 2971; x_wconf 69' lang='lat' dir='ltr'>Hercuniates</span> <span class='ocrx_word' id='word_1_391' title='bbox 1780 2927 1987 2984; x_wconf 81' lang='lat' dir='ltr'>(populus</span> <span class='ocrx_word' id='word_1_392' title='bbox 2008 2928 2122 2970; x_wconf 77' lang='lat' dir='ltr'>Pan-</span> 
     </span>
     <span class='ocr_line' id='line_1_38' title="bbox 148 3000 2119 3062; baseline -0.002 -16"><span class='ocrx_word' id='word_1_393' title='bbox 148 3005 325 3059; x_wconf 83' lang='lat' dir='ltr'>noniae)</span> <span class='ocrx_word' id='word_1_394' title='bbox 348 3020 415 3061; x_wconf 87' lang='lat' dir='ltr'>ap.</span> <span class='ocrx_word' id='word_1_395' title='bbox 440 3004 550 3047; x_wconf 89' lang='lat' dir='ltr'>Plin.</span> <span class='ocrx_word' id='word_1_396' title='bbox 574 3006 648 3061; x_wconf 90' lang='lat' dir='ltr'>(de</span> <span class='ocrx_word' id='word_1_397' title='bbox 669 3006 825 3062; x_wconf 85' lang='lat' dir='ltr'>quibus</span> <span class='ocrx_word' id='word_1_398' title='bbox 845 3004 995 3046; x_wconf 82' lang='lat' dir='ltr'>videas</span> <span class='ocrx_word' id='word_1_399' title='bbox 1016 3016 1087 3057; x_wconf 90' lang='lat' dir='ltr'>pp.</span> <span class='ocrx_word' id='word_1_400' title='bbox 1105 3004 1173 3044; x_wconf 67' lang='lat'>9⁶2.</span> <span class='ocrx_word' id='word_1_401' title='bbox 1195 3002 1269 3043; x_wconf 90' lang='grc'>101</span> <span class='ocrx_word' id='word_1_402' title='bbox 1290 3002 1396 3057; x_wconf 70' lang='grc' dir='ltr'>εᾳ,);</span> <span class='ocrx_word' id='word_1_403' title='bbox 1416 3002 1529 3044; x_wconf 88' lang='lat' dir='ltr'>haud</span> <span class='ocrx_word' id='word_1_404' title='bbox 1552 3002 1680 3044; x_wconf 90' lang='lat' dir='ltr'>dubie</span> <span class='ocrx_word' id='word_1_405' title='bbox 1699 3016 1787 3043; x_wconf 90' lang='lat' dir='ltr'>non</span> <span class='ocrx_word' id='word_1_406' title='bbox 1805 3000 1944 3043; x_wconf 84' lang='lat' dir='ltr'>differt</span> <span class='ocrx_word' id='word_1_407' title='bbox 1964 3002 2119 3043; x_wconf 82' lang='lat' dir='ltr'>cambr.</span> 
     </span>
     <span class='ocr_line' id='line_1_39' title="bbox 148 3074 2119 3132; baseline -0.003 -13"><span class='ocrx_word' id='word_1_408' title='bbox 148 3077 244 3121; x_wconf 86' lang='lat' dir='ltr'>hod.</span> <span class='ocrx_word' id='word_1_409' title='bbox 276 3093 363 3119; x_wconf 79' lang='lat' dir='ltr'>own</span> <span class='ocrx_word' id='word_1_410' title='bbox 395 3078 651 3132; x_wconf 83' lang='lat' dir='ltr'>(summitas,</span> <span class='ocrx_word' id='word_1_411' title='bbox 683 3077 875 3129; x_wconf 81' lang='lat' dir='ltr'>altitudo,</span> <span class='ocrx_word' id='word_1_412' title='bbox 906 3076 951 3118; x_wconf 92' lang='lat' dir='ltr'>in</span> <span class='ocrx_word' id='word_1_413' title='bbox 982 3075 1230 3131; x_wconf 90' lang='lat' dir='ltr'>compositis</span> <span class='ocrx_word' id='word_1_414' title='bbox 1263 3075 1331 3116; x_wconf 82' lang='lat' dir='ltr'>adi</span> <span class='ocrx_word' id='word_1_415' title='bbox 1377 3074 1523 3129; x_wconf 88' lang='lat' dir='ltr'>altus),</span> <span class='ocrx_word' id='word_1_416' title='bbox 1557 3089 1608 3116; x_wconf 83' lang='lat' dir='ltr'>ex</span> <span class='ocrx_word' id='word_1_417' title='bbox 1630 3089 1712 3130; x_wconf 92' lang='lat' dir='ltr'>quo</span> <span class='ocrx_word' id='word_1_418' title='bbox 1745 3087 1883 3129; x_wconf 85' lang='lat' dir='ltr'>comp.</span> <span class='ocrx_word' id='word_1_419' title='bbox 1917 3082 1958 3115; x_wconf 83' lang='lat' dir='ltr'>et</span> <span class='ocrx_word' id='word_1_420' title='bbox 1989 3074 2119 3115; x_wconf 81' lang='lat' dir='ltr'>deriv.</span> 
     </span>
     <span class='ocr_line' id='line_1_40' title="bbox 147 3145 2119 3207; baseline -0.003 -15"><span class='ocrx_word' id='word_1_421' title='bbox 147 3151 379 3207; x_wconf 71' lang='lat' dir='ltr'>erclzyniad</span> <span class='ocrx_word' id='word_1_422' title='bbox 407 3150 635 3206; x_wconf 84' lang='lat' dir='ltr'>(elevatio)</span> <span class='ocrx_word' id='word_1_423' title='bbox 675 3157 717 3194; x_wconf 83' lang='lat' dir='ltr'>et</span> <span class='ocrx_word' id='word_1_424' title='bbox 748 3151 879 3193; x_wconf 81' lang='lat' dir='ltr'>deriv.</span> <span class='ocrx_word' id='word_1_425' title='bbox 911 3164 1063 3205; x_wconf 73' lang='lat' dir='ltr'>cwnwy</span> <span class='ocrx_word' id='word_1_426' title='bbox 1094 3147 1362 3202; x_wconf 83' lang='lat' dir='ltr'>(summitas,</span> <span class='ocrx_word' id='word_1_427' title='bbox 1403 3147 1608 3202; x_wconf 86' lang='lat' dir='ltr'>culmen).</span> <span class='ocrx_word' id='word_1_428' title='bbox 1667 3145 1850 3189; x_wconf 86' lang='lat' dir='ltr'>Hibern.</span> <span class='ocrx_word' id='word_1_429' title='bbox 1882 3154 1964 3188; x_wconf 80' lang='lat' dir='ltr'>vet.</span> <span class='ocrx_word' id='word_1_430' title='bbox 1999 3162 2119 3190; x_wconf 77' lang='lat' dir='ltr'>cnocc</span> 
     </span>
     <span class='ocr_line' id='line_1_41' title="bbox 149 3218 2120 3281; baseline -0.003 -15"><span class='ocrx_word' id='word_1_431' title='bbox 149 3224 225 3281; x_wconf 86' lang='lat' dir='ltr'>(gl.</span> <span class='ocrx_word' id='word_1_432' title='bbox 259 3224 420 3280; x_wconf 81' lang='lat' dir='ltr'>gibber,</span> <span class='ocrx_word' id='word_1_433' title='bbox 454 3224 509 3280; x_wconf 82' lang='lat' dir='ltr'>gl.</span> <span class='ocrx_word' id='word_1_434' title='bbox 552 3223 696 3279; x_wconf 90' lang='lat' dir='ltr'>ulcus)</span> <span class='ocrx_word' id='word_1_435' title='bbox 728 3223 802 3280; x_wconf 85' lang='lat' dir='ltr'>Sg.</span> <span class='ocrx_word' id='word_1_436' title='bbox 826 3225 908 3266; x_wconf 59' lang='lat'>22⁴.</span> <span class='ocrx_word' id='word_1_437' title='bbox 932 3222 1015 3264; x_wconf 77' lang='lat'>23¹².</span> <span class='ocrx_word' id='word_1_438' title='bbox 1047 3222 1118 3264; x_wconf 87' lang='lat' dir='ltr'>Pr.</span> <span class='ocrx_word' id='word_1_439' title='bbox 1142 3220 1213 3264; x_wconf 84' lang='lat' dir='ltr'>Cr.</span> <span class='ocrx_word' id='word_1_440' title='bbox 1234 3222 1274 3263; x_wconf 81' lang='lat'>9·</span> <span class='ocrx_word' id='word_1_441' title='bbox 1306 3221 1453 3264; x_wconf 88' lang='lat' dir='ltr'>eodem</span> <span class='ocrx_word' id='word_1_442' title='bbox 1486 3219 1614 3262; x_wconf 87' lang='lat' dir='ltr'>modo</span> <span class='ocrx_word' id='word_1_443' title='bbox 1646 3220 1700 3261; x_wconf 86' lang='lat' dir='ltr'>ad</span> <span class='ocrx_word' id='word_1_444' title='bbox 1731 3218 1826 3261; x_wconf 86' lang='lat' dir='ltr'>brit.</span> <span class='ocrx_word' id='word_1_445' title='bbox 1851 3234 1984 3260; x_wconf 65' lang='lat' dir='ltr'>eunuc</span> <span class='ocrx_word' id='word_1_446' title='bbox 2013 3219 2120 3261; x_wconf 82' lang='lat' dir='ltr'>refe-</span> 
     </span>
     <span class='ocr_line' id='line_1_42' title="bbox 152 3292 2123 3355; baseline -0.005 -14"><span class='ocrx_word' id='word_1_447' title='bbox 152 3298 327 3341; x_wconf 79' lang='lat' dir='ltr'>rendum</span> <span class='ocrx_word' id='word_1_448' title='bbox 362 3303 440 3346; x_wconf 80' lang='lat' dir='ltr'>est,</span> <span class='ocrx_word' id='word_1_449' title='bbox 475 3312 559 3353; x_wconf 91' lang='lat' dir='ltr'>quo</span> <span class='ocrx_word' id='word_1_450' title='bbox 590 3296 678 3340; x_wconf 89' lang='lat' dir='ltr'>hib.</span> <span class='ocrx_word' id='word_1_451' title='bbox 706 3300 826 3353; x_wconf 64' lang='lat' dir='ltr'>qnia.</span> <span class='ocrx_word' id='word_1_452' title='bbox 859 3298 1012 3355; x_wconf 73' lang='lat' dir='ltr'>doqm&#39;u</span> <span class='ocrx_word' id='word_1_453' title='bbox 1043 3293 1198 3349; x_wconf 81' lang='lat' dir='ltr'>(facio)</span> <span class='ocrx_word' id='word_1_454' title='bbox 1229 3294 1282 3336; x_wconf 84' lang='lat' dir='ltr'>ad</span> <span class='ocrx_word' id='word_1_455' title='bbox 1314 3294 1470 3336; x_wconf 83' lang='lat' dir='ltr'>cambr.</span> <span class='ocrx_word' id='word_1_456' title='bbox 1503 3293 1600 3334; x_wconf 75' lang='lat' dir='ltr'><strong>hod.</strong></span> <span class='ocrx_word' id='word_1_457' title='bbox 1629 3307 1765 3347; x_wconf 66' lang='lat' dir='ltr'>quma,</span> <span class='ocrx_word' id='word_1_458' title='bbox 1795 3292 2050 3346; x_wconf 43' lang='lat' dir='ltr'>yvonemhwg</span> <span class='ocrx_word' id='word_1_459' title='bbox 2082 3298 2123 3332; x_wconf 83' lang='lat' dir='ltr'>et</span> 
     </span>
     <span class='ocr_line' id='line_1_43' title="bbox 152 3364 2122 3423; baseline -0.005 -8"><span class='ocrx_word' id='word_1_460' title='bbox 152 3372 242 3416; x_wconf 87' lang='lat' dir='ltr'>fere</span> <span class='ocrx_word' id='word_1_461' title='bbox 276 3371 443 3413; x_wconf 85' lang='lat' dir='ltr'>videtur</span> <span class='ocrx_word' id='word_1_462' title='bbox 473 3377 798 3423; x_wconf 82' lang='lat' dir='ltr'>transumptum.</span> <span class='ocrx_word' id='word_1_463' title='bbox 833 3384 931 3411; x_wconf 90' lang='lat' dir='ltr'>cum</span> <span class='ocrx_word' id='word_1_464' title='bbox 962 3383 1046 3411; x_wconf 89' lang='lat' dir='ltr'>non</span> <span class='ocrx_word' id='word_1_465' title='bbox 1081 3382 1133 3409; x_wconf 86' lang='lat' dir='ltr'>ex</span> <span class='ocrx_word' id='word_1_466' title='bbox 1156 3366 1254 3410; x_wconf 86' lang='lat' dir='ltr'>aliis</span> <span class='ocrx_word' id='word_1_467' title='bbox 1285 3366 1522 3409; x_wconf 87' lang='lat' dir='ltr'>hibernicis</span> <span class='ocrx_word' id='word_1_468' title='bbox 1559 3365 1732 3408; x_wconf 76' lang='lat' dir='ltr'>vocibus</span> <span class='ocrx_word' id='word_1_469' title='bbox 1765 3364 1937 3418; x_wconf 82' lang='lat' dir='ltr'>cognita</span> <span class='ocrx_word' id='word_1_470' title='bbox 1967 3365 2023 3406; x_wconf 87' lang='lat' dir='ltr'>sit</span> <span class='ocrx_word' id='word_1_471' title='bbox 2053 3380 2122 3405; x_wconf 86' lang='lat' dir='ltr'>ea-</span> 
     </span>
    </p>
   </div>
   <div class='ocr_carea' id='block_1_3' title="bbox 157 3436 2119 3547">
    <p class='ocr_par' dir='ltr' id='par_1_5' title="bbox 157 3436 2119 3547">
     <span class='ocr_line' id='line_1_44' title="bbox 157 3436 2119 3495; baseline -0.006 -7"><span class='ocrx_word' id='word_1_472' title='bbox 157 3445 250 3488; x_wconf 85' lang='lat' dir='ltr'>dem</span> <span class='ocrx_word' id='word_1_473' title='bbox 284 3445 402 3487; x_wconf 73' lang='lat' dir='ltr'>radix</span> <span class='ocrx_word' id='word_1_474' title='bbox 444 3452 485 3486; x_wconf 80' lang='lat' dir='ltr'>et</span> <span class='ocrx_word' id='word_1_475' title='bbox 516 3454 702 3486; x_wconf 79' lang='lat' dir='ltr'>sei-vetui</span> <span class='ocrx_word' id='word_1_476' title='bbox 743 3455 761 3482; x_wconf 83' lang='lat' dir='ltr'>c</span> <span class='ocrx_word' id='word_1_477' title='bbox 794 3443 898 3484; x_wconf 80' lang='lat' dir='ltr'>dura</span> <span class='ocrx_word' id='word_1_478' title='bbox 928 3441 1091 3485; x_wconf 57' lang='lat' dir='ltr'>finalis.</span> <span class='ocrx_word' id='word_1_479' title='bbox 1135 3448 1178 3482; x_wconf 81' lang='lat' dir='ltr'>ut</span> <span class='ocrx_word' id='word_1_480' title='bbox 1207 3440 1255 3483; x_wconf 85' lang='lat' dir='ltr'>in</span> <span class='ocrx_word' id='word_1_481' title='bbox 1281 3439 1416 3484; x_wconf 74' lang='lat' dir='ltr'>oebocc</span> <span class='ocrx_word' id='word_1_482' title='bbox 1446 3438 1523 3495; x_wconf 80' lang='lat' dir='ltr'>(gl.</span> <span class='ocrx_word' id='word_1_483' title='bbox 1556 3437 1715 3492; x_wconf 76' lang='lat' dir='ltr'>capus)</span> <span class='ocrx_word' id='word_1_484' title='bbox 1746 3436 1817 3491; x_wconf 77' lang='lat' dir='ltr'>Sg.</span> <span class='ocrx_word' id='word_1_485' title='bbox 1848 3439 1956 3491; x_wconf 60' lang='lat'>105⁵,</span> <span class='ocrx_word' id='word_1_486' title='bbox 1998 3437 2119 3480; x_wconf 80' lang='lat' dir='ltr'>cuius</span> 
     </span>
     <span class='ocr_line' id='line_1_45' title="bbox 1808 3515 1852 3547; baseline 0 -14"><span class='ocrx_word' id='word_1_487' title='bbox 1808 3515 1852 3547; x_wconf 53' lang='lat'>,-</span> 
     </span>
    </p>
   </div>
  </div>
 </body>
</html>
