2336 3736
498 269 740 300 Arrsnnrx.
801 267 1022 299 sesemen
1052 266 1231 299 comcrs
1259 265 1493 298 metamor
1521 265 1604 298 cn.»
1643 255 1881 294 (1075-1076)
1930 254 2039 295 1051

81 382 200 426 varia
241 381 343 424 facit
386 395 436 422 ac
481 381 675 436 dispersa
719 393 795 434 per
839 393 994 421 annum
1034 378 1375 422 embolismorum
1414 377 1605 420 insertio.
1675 375 1892 432 Siquidem
1931 390 2042 418 anno

83 455 232 490 octavo
272 447 375 490 luna
403 447 689 490 Calendarum
717 445 929 488 Maiarum
965 445 1084 487 iuxta
1121 446 1327 488 rationem
1367 444 1537 499 quidem
1576 443 1811 498 argumenti
1841 441 2043 484 XXVIII

81 519 364 570 computatur,
403 515 480 556 sed
509 519 681 570 propter
710 512 1020 565 embolismum,
1061 512 1134 568 qui
1166 512 1209 553 in
1239 510 1396 554 Martio
1427 525 1571 553 mense
1603 510 1826 561 inseritur,
1867 507 2044 551 XXVII

80 581 285 637 probatur
316 579 513 623 existere.
583 581 685 622 ltem
713 581 759 622 in
791 578 1006 623 calendas
1039 579 1167 621 lulias
1198 578 1317 621 iuxta
1346 583 1638 633 argumentum
1669 575 1806 618 XXX
1842 575 1936 618 fieri
1967 590 2044 630 po·

82 647 162 690 tuit
190 646 305 700 luna,
338 646 414 691 sed
444 652 619 704 propter
648 645 931 690 adiectionem
960 645 1066 699 diei,
1108 659 1231 701 quem
1261 643 1533 701 superfluitas
1565 643 1804 686 embolismi
1834 642 2044 694 attulerat,

85 714 134 756 fit
161 712 334 757 XXIX.
393 713 497 756 Item
529 727 640 757 anno
671 712 739 755 XI
776 711 877 768 quia
912 712 1015 755 luna
1044 711 1281 755 embolismi
1319 710 1457 767 pridie
1493 710 1641 752 Nonas
1672 709 1935 752 Decembres
1974 723 2044 751 ac-

82 779 300 833 cenditur,
337 779 440 823 facit
476 780 618 823 lunam
654 779 700 822 in
730 777 945 822 calendas
982 778 1163 834 Martias
1200 778 1451 835 vigesimam
1488 792 1585 820 esse
1622 783 1665 820 et
1699 782 1911 828 octavam,
1951 788 2045 818 cnm

82 846 194 889 hanc
230 846 338 889 ratio
377 845 618 903 argumenti
646 844 803 888 XXIX
839 852 942 888 tunc
978 846 1160 888 existere
1199 846 1362 888 doceat.
1424 843 1528 887 Item
1565 859 1677 886 anno
1706 841 1909 885 XVIIII⁸
1943 843 2047 898 quia

82 912 185 956 luna
214 912 455 957 embolismi
483 913 608 955 tertio
640 912 708 955 die
736 912 952 954 Nonarum
974 912 1220 954 Martiarum
1251 910 1416 967 incipit,
1447 911 1562 966 cogit
1591 909 1735 952 lunam
1764 909 1809 951 in
1829 908 2044 953 Calendas

83 978 228 1022 Maias
254 978 458 1023 XXVIII
485 979 746 1036 computari,
794 994 887 1021 cum
917 979 1144 1022 XXVIIII
1174 978 1408 1022 secundum
1447 977 1684 1033 argumenti
1723 976 2047 1020 calculationem

87 1048 306 1099 canatur‚⁹
349 1061 433 1104 quo
464 1047 589 1090 etiam
621 1062 732 1090 anno
761 1046 926 1089 ratione
956 1046 1089 1089 saltus
1119 1045 1299 1099 lunaris,
1339 1045 1391 1087 de
1422 1059 1506 1101 quo
1543 1044 1587 1086 in
1619 1042 1895 1101 sequentibus
1934 1042 2047 1085 dice·

85 1126 204 1166 mus‚
243 1111 368 1156 fidem
410 1114 601 1157 eiusdem
637 1112 875 1169 argumenti
903 1113 1135 1169 impugnat.
1196 1112 1244 1156 Si
1275 1113 1388 1154 enim
1424 1111 1563 1168 ipsum
1601 1116 1892 1166 argumentum
1930 1110 2048 1152 iuxta

87 1180 329 1236 Aegyptios
359 1195 385 1223 a
414 1180 653 1237 Septembri
685 1195 844 1232 mense,
876 1180 948 1222 ubi
977 1180 1233 1236 principium
1255 1187 1319 1222 est
1350 1179 1628 1231 amnicorum,
1660 1177 1942 1230 inchoaveris,
1974 1192 2048 1219 ne-

93 1260 218 1290 cesse
248 1253 332 1301 est,
372 1253 418 1289 ut
445 1247 548 1290 luna
576 1246 675 1289 Iulii
705 1247 866 1290 mensis
897 1262 947 1290 eo
980 1250 1143 1290 anno¹⁰
1177 1246 1336 1289 XXIX
1376 1247 1467 1287 dies
1504 1251 1550 1287 ut
1577 1260 1792 1302 nunquam
1831 1243 1938 1288 alias
1977 1244 2052 1287 ha-

88 1313 208 1367 beat,
252 1329 333 1356 uno
365 1313 567 1357 videlicet
594 1315 760 1357 ratione
791 1314 975 1357 saltus²¹
1013 1313 1191 1367 amisso,
1233 1321 1275 1356 et
1304 1314 1358 1356 ob
1389 1314 1431 1354 id
1462 1313 1563 1355 luna
1592 1311 1876 1356 Calendarum
1904 1313 2053 1368 Augu-

88 1386 247 1423 starum
276 1382 403 1424 tertia
430 1381 651 1435 reddatur,
692 1396 801 1438 quae
829 1381 949 1424 iuxta
983 1382 1219 1438 argumenti
1261 1381 1455 1436 regulam
1492 1380 1681 1423 secunda
1718 1381 2052 1436 computabatur.

86 1446 136 1491 Si
166 1462 267 1490 vero
297 1448 416 1494 iuxta
444 1449 526 1492 hoc
555 1448 670 1504 quod
698 1464 778 1491 nos
808 1464 940 1506 supra
969 1450 1213 1501 docuimus,
1246 1464 1272 1491 a
1299 1447 1501 1491 Ianuario
1530 1446 1786 1503 principium
1816 1447 2054 1504 argumenti

86 1529 253 1558 sumere
280 1515 441 1569 mavis,
481 1516 630 1559 eodem
661 1516 807 1559 ordine
837 1517 940 1559 luna
978 1518 1024 1559 in
1054 1515 1270 1560 Calendas
1299 1515 1561 1559 Decembres
1590 1513 1678 1558 VII
1708 1515 1905 1568 incurrit,
1944 1528 2053 1573 quse

87 1583 207 1625 iuxta
237 1588 528 1639 argumentum
559 1590 682 1627 sexta
701 1584 794 1627 fieri
816 1584 1017 1628 debuisse
1048 1583 1286 1641 putabatur,
1317 1583 1418 1640 quia
1448 1583 1648 1626 nimirum
1677 1582 1779 1625 luna
1799 1582 2053 1627 Novembris

87 1650 247 1694 mensis
278 1665 402 1693 unam
433 1651 587 1694 amittit
616 1651 739 1703 diem,
773 1658 816 1693 et
843 1666 921 1708 pro
950 1650 1074 1694 XXX
1108 1651 1325 1693 consuetis
1357 1649 1506 1692 XXIX
1536 1650 1674 1693 solum
1705 1649 1857 1693 diebus
1887 1650 2055 1706 cogitur

90 1732 187 1760 esse
217 1725 431 1761 contenta.
491 1717 615 1772 Quae
647 1719 835 1775 profecto
878 1719 1020 1762 omnia
1057 1718 1211 1761 melius
1243 1716 1525 1775 colloquendo
1565 1732 1692 1774 quam
1712 1716 1948 1761 *scribendo
1978 1717 2054 1761 do-

90 1790 249 1828 centur.
309 1786 407 1829 Non
430 1793 570 1828 autem
598 1786 844 1828 transitorie
875 1787 1300 1839 commemorandum,
1332 1786 1447 1842 quod
1476 1784 1558 1827 hoc
1577 1791 1871 1840 argumentum
1901 1800 1926 1827 a
1945 1784 2055 1843 Sep-

88 1852 240 1895 tembri
272 1854 443 1909 qnidam
473 1854 720 1910 incipiunt,¹
761 1859 972 1909 ponentes
1004 1853 1143 1896 eidem
1174 1852 1436 1911 Septembri²
1470 1849 1691 1908 regulares
1720 1850 1772 1904 V,
1804 1850 1980 1895 Octobri
2001 1851 2054 1904 V,

88 1918 321 1963 Novembri
360 1921 455 1978 VII,
485 1922 716 1965 Decembri
746 1920 845 1973 VII,
878 1928 920 1964 et
947 1928 1091 1964 cetera
1120 1927 1167 1962 ut
1196 1935 1324 1976 supra
1353 1935 1432 1962 nos
1465 1919 1698 1975 posuimus,
1730 1918 1844 1974 quod
1873 1919 1927 1961 ob
1958 1934 2056 1961 auc-

86 1987 304 2030 toritatem
336 1991 645 2046 Aegyptiorum
676 1989 984 2032 rationabiliter
1013 2002 1187 2045 prorsus
1219 1994 1371 2044 agunt,
1415 1992 1458 2029 ut
1496 2002 1522 2028 a
1550 1986 1704 2042 quibus
1736 1987 1853 2042 origo
1886 2002 2058 2041 compu-

88 2054 207 2097 tandi
238 2068 405 2111 sumpta
427 2072 499 2105 esr-t
536 2055 680 2099 borum
704 2071 873 2112 quoque
902 2056 948 2098 in
969 2056 1255 2112 computando
1278 2056 1378 2097 anni
1411 2054 1666 2110 principium
1685 2054 1914 2095 imitentur.
1975 2053 2059 2095 Ve-

88 2138 180 2165 rum
211 2123 308 2166 aliis
338 2124 479 2180 aptius
510 2124 639 2166 multo
672 2130 714 2165 et
743 2123 1007 2180 expeditius³
1043 2123 1230 2175 videtur,
1271 2131 1315 2164 ut
1353 2121 1612 2178 computatio
1654 2121 1813 2173 omnis,
1856 2126 2059 2177 quantum

85 2204 174 2233 non
202 2191 463 2234 necessitas4
498 2190 678 2233 rationis
715 2190 919 2243 obsistat,
955 2206 983 2233 a
1010 2190 1222 2247 principio
1261 2190 1360 2232 anni
1405 2189 1471 2231 sui
1502 2188 1629 2231 etiam
1666 2188 1779 2244 apud
1811 2187 2055 2231 Romanos⁵

87 2258 286 2315 incipiat,
319 2265 362 2300 et
390 2272 527 2315 usque
557 2257 611 2300 ad
639 2258 864 2300 terminum
895 2259 996 2300 anni
1027 2265 1120 2301 rato
1150 2263 1276 2314 atque
1307 2258 1556 2299 intemerato
1589 2255 1737 2298 ordine
1770 2263 2000 2312 procurrat.

176 2432 196 2463 8
228 2428 262 2465 ,ιζ
275 2428 428 2473 foreenn
451 2424 608 2460 noideedi
654 2429 675 2461 9
705 2436 861 2461 arcanar
912 2430 954 2460 10
982 2426 1016 2462 ,ιζ
1043 2424 1247 2461 ismicmech
1278 2425 1317 2459 νά
1354 2425 1443 2459 smil
1466 2425 1504 2459 la
1519 2435 1637 2471 aeyyp.
1663 2423 1919 2459 isinbliadt‘min
1950 2423 2060 2457 laicus·-

90 2478 187 2508 reear
209 2474 280 2509 salt
330 2479 366 2508 11
396 2473 429 2508 .i.
454 2472 492 2506 hi
513 2469 617 2507 ‚JJIL
642 2471 674 2506 k.
698 2483 769 2518 sep.

177 2521 267 2563 (32⁰)
316 2524 332 2554 l
358 2520 409 2562 (in
431 2528 537 2563 marg.
560 2520 689 2562 super.)
712 2523 806 2552 aetas
831 2518 931 2552 lunae
953 2517 1028 2551 ineo
1045 2516 1112 2558 soa
1136 2516 1181 2552 kl.
1206 2516 1306 2550 caat-l»
1330 2517 1390 2550 mis
1416 2516 1453 2550 la
1469 2527 1551 2561 aeqy
1582 2543 1586 2549 .
1606 2519 1623 2548 7
1643 2515 1715 2550 isde
1729 2515 1847 2560 rosaiq
1866 2513 2054 2549 indnomad

78 2565 145 2610 for
166 2564 213 2599 kl.
235 2566 317 2644 ian,5
331 2562 478 2644 arczzlinn
501 2563 604 2605 (infra
626 2563 758 2604 benoeb)
818 2567 838 2597 2
864 2563 895 2599 αἱ.
922 2562 1085 2598 othomam
1108 2561 1244 2596 bliadne
1265 2562 1352 2607 eyip.
1425 2564 1445 2596 3
1471 2562 1544 2596 indi
1559 2589 1568 2598 .
1633 2566 1654 2595 4
1678 2559 1757 2595 me'z't
1781 2559 1875 2594 na'nd
1896 2559 2056 2594 natklmr·

90 2616 110 2646 ὃ
137 2611 169 2644 ,ιζ
194 2611 298 2646 condi
342 2610 361 2644 ό
423 2637 431 2646 .
456 2609 528 2644 ian.

180 2658 360 2700 Subiungo
385 2656 439 2690 hic
463 2655 664 2700 ampliorem
690 2656 901 2688 notationem
927 2654 1138 2688 hibernicam
1163 2663 1268 2697 super
1292 2653 1442 2688 dictione
1467 2651 1707 2697 chronologica
1729 2661 1772 2685 ex
1796 2650 1897 2685 initio
1922 2649 2060 2691 codicis,

91 2713 110 2736 e
135 2703 176 2737 3b
204 2703 260 2744 (cf.
285 2713 318 2746 p.
344 2704 440 2742 304):
488 2698 602 2735 salua
631 2700 765 2733 ratione
800 2699 919 2733 saltus.
957 2700 1031 2733 aris
1066 2697 1231 2733 airclaerm
1267 2698 1354 2732 mbes
1390 2698 1460 2732 salt
1494 2698 1632 2732 kicz'unn
1666 2695 1827 2729 no'ide‘cdi
1863 2695 1944 2729 mad
1967 2693 2061 2729 indib

93 2747 215 2782 r'auarib
246 2747 329 2783 deae
360 2744 496 2780 mnnna'
528 2744 588 2779 bas
621 2746 715 2791 laiyu
745 2744 879 2779 caehmi
910 2745 1027 2779 meai
1049 2743 1170 2778 oldaas
1195 2743 1388 2789 trrsscletaiye.
1412 2743 1485 2777 ised
1506 2743 1577 2776 dim
1599 2741 1677 2777 sla'n
1699 2741 1814 2786 dliyed
1834 2741 1922 2775 salto
1947 2740 2059 2774 noielz-

89 2793 178 2828 ticlae
210 2792 357 2828 eolleuth
389 2791 527 2825 dud‘rim
556 2791 593 2825 in
622 2790 722 2826 aesca.
755 2790 896 2825 Armati
917 2789 1144 2824 iarnaz'm'ud
1166 2788 1355 2823 adrimther
1379 2789 1530 2823 cute-sbat
1552 2786 1877 2831 dicachtlarichtaiqi
1900 2785 1937 2820 di
1959 2784 2061 2820 madir

90 2837 174 2873 deae
211 2842 229 2871 7
264 2836 348 2872 IIII
377 2837 448 2872 bro.
483 2840 500 2870 'a’
532 2848 624 2881 unqu
650 2841 667 2870 7
694 2842 797 2871 atom.
820 2835 981 2870 wiconbia
1006 2836 1074 2869 salt
1097 2834 1171 2870 ete'r.
1196 2834 1401 2869 issaitlarech
1428 2835 1482 2869 im.
1507 2834 1611 2868 isairi
1632 2834 1661 2867 is
1687 2843 1767 2866 assu
1792 2832 1891 2866 laona
1914 2830 2062 2865 rimairu

92 2883 231 2918 dikua'ir
265 2884 350 2918 deae
380 2894 516 2916 namma
546 2881 762 2917 duthashuma
787 2880 909 2926 dliqud
930 2881 1009 2916 sldn
1031 2880 1120 2915 salto
1146 2879 1327 2915 conride'cen
1350 2880 1421 2914 salt
1444 2880 1576 2914 iar-eain
1600 2878 1750 2913 dasleind
1772 2876 1955 2911 eomlo'imo
1978 2876 2062 2910 inm

92 2928 253 2965 tesbuiclze
276 2927 500 2964 iarnaicniad
522 2928 660 2973 aslaiyu
684 2927 811 2962 ane'sca
835 2927 957 2961 oldoas
982 2926 1173 2971 trichtaiye.
1200 2925 1406 2970 Am'siuptrti
1429 2924 1538 2960 ἱεέοοπ
1559 2924 1714 2969 revnfuar
1738 2923 1799 2958 bis.
1824 2925 1842 2957 *1
1868 2921 2035 2957 anbmim
