2336 3736
898 226 1152 258 rma-mmo
1182 228 1419 261 mormius.
1576 219 1911 263 (XXXVIII-XL)
1958 221 2137 265 XXVII

173 335 371 380 Wanleio
401 337 448 380 in
469 336 606 381 Catal.
627 352 706 380 ms.
726 337 958 393 Vanglosax.
981 338 1019 391 2,
1043 338 1110 381 63.
1169 338 1321 383 Partes
1351 341 1443 383 eius
1474 342 1600 384 nobis
1622 343 1837 386 materiam
1858 344 2137 400 suppeditan-

170 415 237 453 tes
267 416 367 452 sunt
394 410 496 453 hae:

281 496 318 524 a.
349 481 551 540 Eutychii
582 483 848 537 grammatici
887 498 987 540 pars
1027 498 1124 526 cum
1154 485 1312 541 glossis
1344 473 1571 530 cambi-icis
1603 487 1948 532 interlinearibus
1986 505 2011 532 a
2039 505 2137 546 pag.

170 553 212 595 2⁵
239 569 374 610 usque
405 555 460 597 ad
480 555 521 597 9·
549 556 595 598 in
614 555 711 598 libri
741 555 866 612 primi
889 563 1109 612 segmenta
1136 556 1171 599 I.
1190 557 1249 600 H.
1270 556 1340 600 III
1363 558 1450 613 (ed.
1473 559 1757 603 Lindemanni
1779 577 1849 618 pp.
1878 562 2135 618 154-166).

282 629 321 671 b.
354 627 502 671 Ovidii
532 628 634 672 artis
665 628 894 671 amatoriae
925 629 1143 672 exordium
1175 645 1200 672 a
1220 645 1316 687 pag.
1339 632 1409 673 37⁴
1438 646 1573 688 usque
1603 634 1657 676 ad
1678 635 1748 676 45⁶
1778 634 1877 677 item
1899 635 2136 679 cambricas

168 702 337 758 glossas
366 702 662 745 interlineares
692 701 757 757 (in
788 717 938 745 versus
969 703 1186 758 31—370)
1216 703 1453 747 continens.

283 774 392 817 Sunt
420 775 642 832 praeclara
678 775 785 818 haec
824 782 867 818 et
896 775 1208 829 vetustissima,
1252 791 1361 833 quae
1397 793 1485 820 non
1515 778 1663 820 dubito
1695 779 1798 834 quin
1828 780 1914 822 sint
1944 780 2135 824 eiusdem

168 848 323 891 aetatis
353 862 452 892 cum
481 846 786 892 vetustissimis
816 846 1068 902 hibernicis,
1101 849 1261 892 saeculi
1292 850 1433 893 octavi
1463 851 1659 894 exeuntis
1701 852 1770 894 vel
1800 852 1902 895 noni
1929 853 2134 896 ineuntis.

172 918 218 963 ld
247 920 490 975 dolendum,
522 922 637 978 quod
664 936 752 964 non
783 927 883 964 sunt
913 921 1167 977 copiosiora.

284 1008 319 1037 c.
371 994 659 1051 Alphabetum
691 993 891 1036 Nemnivi
927 993 972 1036 in
1001 1009 1043 1051 p.
1065 994 1134 1037 20·
1161 995 1321 1052 figuras
1352 997 1588 1040 litterarum
1625 997 1783 1040 sistens
1824 998 2136 1055 earundemque

162 1067 336 1111 nomina
363 1068 591 1112 cambrica.
636 1066 822 1123 Figurae
843 1074 944 1110 sunt
972 1067 1133 1111 similes
1154 1069 1302 1124 figuris
1324 1068 1572 1124 litterarum,
1605 1086 1714 1127 quae
1735 1071 1933 1114 dicuntur
1953 1071 2135 1114 coelbren

160 1154 190 1197 y
219 1139 364 1183 beirdd
392 1140 579 1196 (litterae
601 1140 822 1197 bardicae)
853 1148 895 1184 et
914 1141 1150 1198 impressae
1181 1148 1282 1184 sunt
1300 1143 1416 1200 typis
1447 1143 1505 1199 (e.
1527 1158 1588 1200 gr.
1620 1144 1733 1199 apud
1756 1143 1962 1187 Owenum
1991 1145 2062 1187 vel
2089 1144 2135 1186 in

163 1211 434 1270 ephemeride
463 1213 672 1270 inscripta
696 1209 806 1257 ‘The
838 1208 1203 1257 Cambro-Briton'
1234 1216 1341 1273 l„p.
1363 1215 1480 1273 241),
1513 1216 1589 1259 sed
1620 1216 1760 1259 differt
1790 1231 1933 1259 earum
1963 1232 2135 1274 compo·

165 1284 264 1328 sitio
295 1291 338 1329 et
368 1286 640 1343 significatio.
699 1286 789 1330 Eas
819 1285 932 1329 haud
949 1286 1058 1331 satis
1090 1295 1289 1330 accurate
1317 1288 1482 1344 pridem
1512 1289 1753 1346 publicatas
1785 1305 1882 1332 esse
1912 1290 2023 1332 inter
2042 1291 2133 1346 epi-

165 1359 298 1402 stolas
328 1356 498 1402 Usserii
527 1359 787 1403 Armachani
819 1360 954 1416 (quod
985 1375 1094 1416 opus
1123 1360 1226 1403 mihi
1255 1376 1342 1404 non
1373 1369 1441 1405 est
1470 1361 1643 1418 visum),
1675 1361 1780 1406 dicit
1808 1361 2048 1406 Wanleius.

275 1432 316 1474 d.
347 1431 416 1476 De
445 1433 656 1477 mensuris
688 1439 731 1476 et
758 1432 1020 1489 ponderibus
1052 1434 1279 1490 quaedam,
1310 1435 1526 1479 cambrica
1554 1436 1800 1479 intermixta
1827 1435 1985 1490 latinis,
2017 1436 2061 1478 in
2092 1452 2131 1495 p.

162 1505 249 1548 22⁶.
281 1506 365 1550 23⁶.

278 1578 390 1623 Sunt
425 1580 472 1622 in
501 1579 583 1622 hac
611 1585 791 1635 utraque
820 1584 942 1635 parte
971 1579 1175 1637 pauciora
1204 1581 1436 1636 cambrica,
1475 1582 1519 1625 in
1553 1582 1592 1625 d.
1624 1582 1678 1625 ob
1709 1582 1961 1640 scripturam
1989 1582 2132 1639 impli-

165 1651 292 1694 citam
332 1658 376 1695 et
405 1653 607 1696 minutam
643 1667 770 1709 aegre
800 1652 1003 1709 legenda,
1042 1653 1118 1697 sed
1156 1668 1183 1697 a
1210 1659 1422 1697 vetustate
1460 1660 1558 1698 ante
1590 1655 1797 1699 dictorum
1833 1671 1921 1699 non
1950 1655 2134 1712 degene-

160 1725 311 1769 rantia.

274 1800 313 1841 2.
344 1798 608 1843 Oxoniensis
638 1798 870 1857 posteriort
902 1798 1038 1843 codex
1053 1799 1318 1844 Bodleianus
1348 1801 1561 1858 quondam
1588 1800 1861 1858 significatus
1891 1800 1987 1845 NE.
2017 1801 2067 1844 B.
2090 1805 2129 1846 5.

155 1872 208 1924 9,
239 1886 355 1915 nunc
383 1872 469 1916 Ms.
499 1872 623 1915 Bodl.
652 1873 758 1926 572,
788 1872 1139 1916 membranaceus
1168 1873 1330 1916 formae
1358 1874 1558 1928 minoris,
1595 1890 1666 1918 res
1698 1874 1962 1931 theologicas
1993 1876 2130 1918 conti-

153 1959 276 1999 nens,
306 1945 352 1988 in
380 1945 520 1988 medio
551 1950 693 1988 autem
723 1959 750 1987 a
768 1959 810 2001 p.
832 1945 904 1987 41·
935 1960 1070 2001 usque
1101 1946 1156 1989 ad
1177 1947 1249 1988 47²³
1278 1961 1417 2002 pensa
1445 1948 1654 2003 quaedam
1682 1948 1817 1991 latina
1847 1948 1901 1991 ad
1921 1950 2129 2005 praeben-

152 2018 247 2061 dam
279 2018 424 2075 pueris
453 2019 621 2076 copiam
650 2018 876 2061 verborum
907 2020 975 2074 (ut
994 2019 1184 2075 videtur)
1215 2034 1310 2063 cum
1330 2020 1509 2065 vocibus
1541 2020 1780 2075 cambricis,
1813 2037 1923 2078 quae
1945 2022 2130 2078 scriptae

155 2098 256 2135 sunt
284 2099 358 2135 aut
387 2107 518 2149 supra
549 2092 758 2135 vocabula
786 2091 921 2134 latina
956 2098 1030 2134 aut
1057 2098 1158 2148 post
1187 2108 1238 2135 ea
1267 2093 1313 2136 in
1342 2093 1459 2136 linea
1487 2108 1584 2146 cum
1613 2094 1738 2151 signo
1770 2096 1811 2137 λ’.
1843 2094 2130 2150 glossatorum

158 2165 299 2209 solito.
357 2165 410 2208 In
430 2180 529 2222 pag.
551 2167 623 2208 41·
651 2164 759 2208 haec
782 2164 996 2208 cambrica
1023 2166 1310 2222 praecedente
1339 2166 1665 2223 conspiciuntur
1693 2173 1780 2209 tres
1801 2167 1941 2210 lineae
1970 2168 2130 2212 littera-

157 2253 250 2281 rum
277 2239 522 2282 micarum
558 2238 630 2281 vel
659 2237 928 2283 bardicarum
963 2239 1098 2282 mirae
1128 2239 1309 2295 formae,
1349 2239 1637 2284 differentium
1673 2246 1759 2283 tam
1795 2255 1822 2283 a
1848 2241 1969 2283 runis
1999 2232 2129 2285 Nem-

153 2311 247 2355 nivi
281 2326 409 2369 quam
445 2327 472 2354 a
500 2311 730 2355 sca-udicis.
797 2311 1059 2368 Scriptorem
1089 2310 1311 2356 Britonem
1350 2313 1443 2357 sive
1481 2312 1711 2357 Cambrum
1747 2313 1937 2357 ostendit
1974 2314 2020 2356 in
2060 2313 2129 2358 his

151 2384 302 2442 pensis
335 2385 464 2429 obvia
493 2384 728 2428 sententia:
770 2383 995 2426 humilibus
1024 2386 1123 2427 deus
1152 2385 1227 2426 dat
1249 2388 1439 2442 qratiam
1466 2395 1504 2429 et
1530 2388 1765 2430 uictoriam.
1809 2387 1945 2429 clades
1974 2402 2128 2445 maqna

139 2457 267 2512 sacca
293 2465 352 2501 est
380 2466 416 2500 et
446 2460 495 2500 de
522 2457 745 2501 sazonibus
766 2458 955 2514 percussi
979 2465 1075 2500 eunt
1102 2458 1227 2500 multi
1253 2459 1302 2501 de
1331 2458 1556 2501 britonibus
1586 2467 1721 2502 autem
1751 2461 1857 2502 rari.

266 2530 417 2576 Codex
447 2530 642 2588 quamvis
671 2546 759 2573 non
788 2530 971 2588 attingat
998 2536 1181 2575 aetatem
1211 2537 1310 2575 ante
1339 2531 1565 2586 dictorum,
1598 2547 1621 2575 e
1651 2533 1954 2576 vocabulorum
1983 2539 2125 2577 tamen

152 2619 264 2662 quae
294 2604 417 2647 offert
445 2605 628 2647 maxima
664 2610 786 2661 parte
814 2604 988 2659 linguae
1027 2604 1266 2648 cambricae
1297 2604 1437 2648 elucet
1464 2605 1659 2648 formatio
1698 2620 1750 2648 ea
1788 2605 1978 2661 vetustas,
2017 2622 2127 2663 quae

154 2682 202 2719 ut
228 2677 425 2720 formatio
455 2677 702 2722 hibernicae
732 2683 927 2721 vetustae
957 2677 1128 2733 ignorat
1157 2676 1475 2721 destitutionem
1496 2692 1794 2721 consonarum.
1838 2678 1980 2722 Adest
2009 2695 2045 2722 e.
2062 2695 2123 2736 gr.

158 2748 298 2794 adhuc
328 2757 464 2794 status
485 2750 724 2807 primitivus
744 2750 935 2793 tenuium
965 2756 1009 2792 et
1029 2765 1068 2792 m
1097 2749 1143 2793 in
1162 2751 1363 2795 vocibus:
1394 2765 1464 2808 cep
1485 2751 1771 2807 (fossarium),
1801 2753 1948 2794 notuid
1966 2752 2124 2809 (acus),

160 2831 318 2865 tar-ater
347 2816 653 2880 (foratorium),
684 2824 859 2866 cemecid
884 2822 1151 2880 (lapidaria),
1183 2831 1266 2866 ocet
1287 2823 1479 2879 (raster),
1508 2839 1673 2867 coeman
1695 2824 1887 2880 (balius),
1915 2825 2125 2881 quillz'hz'm

156 2895 368 2952 (forceps)
399 2903 480 2939 etc.
537 2896 713 2939 Adsunt
741 2902 882 2940 tamen
912 2895 996 2939 iam
1027 2896 1156 2940 etiam
1184 2897 1309 2940 initia
1338 2896 1641 2951 destitutionis,
1674 2913 1710 2940 e.
1740 2913 1800 2954 gr.
1831 2899 1877 2940 in
1906 2899 2126 2955 modreped

152 2966 252 3024 (pro
283 2968 525 3025 moti-epm),
557 2970 811 3025 praesertim
839 2969 885 3012 in
915 2968 1185 3027 compositis:
1217 2970 1418 3026 casqoord
1436 2971 1498 3024 (=
1517 2971 1742 3026 cas-cord),
1773 2971 1925 3013 headat
1944 2970 2005 3026 (=
2026 2971 2124 3013 ken-

151 3040 248 3096 tat),
278 3040 510 3098 qva-bennid
536 3042 598 3097 (=
617 3042 906 3099 quo-pennid).
1987 3032 1999 3043 ⁴

266 3115 304 3157 3.
336 3112 488 3158 Codex
519 3114 730 3158 ecclesiae
758 3114 1077 3158 Lichfeldensis
1108 3116 1255 3172 (antea
1272 3113 1607 3172 Landavensis),
1639 3116 1862 3172 evangelia
1882 3116 2120 3171 continens,

150 3184 197 3228 in
225 3200 310 3242 quo
339 3187 471 3230 variis
502 3188 609 3230 locis
640 3188 697 3244 (e.
720 3201 781 3244 gr.
812 3187 857 3230 in
887 3188 941 3233 9⁶.
967 3190 1044 3231 10⁸.
1068 3190 1148 3231 71⁵.
1174 3189 1290 3245 109⁵>
1320 3188 1576 3233 donationes
1608 3189 1817 3233 ecclesiae
1847 3189 2121 3233 Laudavensi

150 3256 290 3303 factae
319 3259 447 3304 valde
475 3267 683 3314 vetustae,
713 3276 802 3304 non
830 3261 1093 3306 recentiores
1123 3261 1283 3319 glossis
1313 3262 1474 3311 codicis
1493 3261 1760 3306 Oxoniensis
1788 3261 1958 3319 prioris,
1987 3261 2121 3306 adno-

150 3336 265 3374 tatae
295 3338 394 3375 sunt
422 3332 567 3388 latine,
599 3335 676 3378 sed
705 3348 802 3378 cum
832 3334 1076 3378 nominibus
1106 3334 1177 3377 vel
1207 3335 1333 3378 etiam
1363 3335 1590 3379 sententiis
1621 3333 1867 3389 cambricis,
1898 3349 2005 3393 quas
2035 3335 2119 3379 iam

149 3404 389 3463 publicavit
416 3405 642 3451 Wanleius
672 3420 745 3466 pp.
767 3408 863 3452 289.
886 3408 981 3452 290.
1040 3406 1109 3451 De
1139 3414 1278 3451 aetate
1307 3408 1434 3454 unius
1465 3410 1614 3453 harum
1645 3408 1966 3453 adnotationum
1993 3407 2119 3463 idem,
