2336 3736
818 255 1072 286 rammi-10
1103 253 1338 285 moronis.
1598 239 1724 282 (XLII.
1742 239 1873 279 XLIU)
1915 238 2076 282 XXIX

112 372 374 430 praesertim,
408 370 520 426 quod
541 368 705 411 codicis
729 367 781 409 ad
803 367 967 408 litteras
987 365 1303 421 litterarumque
1334 365 1489 406 formas
1521 379 1618 406 esse
1639 364 1919 406 imita-tionem
1947 363 2076 404 refer-

111 451 180 488 tur
210 446 281 500 (cf.
307 443 612 501 praefationem
635 440 835 484 editionis
867 454 938 495 pp.
962 437 1149 483 XXVII.
1173 437 1432 491 XXXVII).
1492 437 1585 479 Iam
1607 444 1731 479 antea
1762 436 1968 493 quaedam
1999 451 2074 490 pu·-

113 519 268 561 blicata
299 523 417 559 erant
446 517 490 557 in
510 513 714 569 Dugdalii
737 512 978 554 Monastioo
1011 510 1234 567 anglicano
1266 508 1428 563 (Savoy
1456 511 1574 562 1673,
1605 516 1703 552 tom.
1722 510 1802 551 III.
1825 525 1866 565 p.
1893 510 1970 551 188
1993 508 2077 562 sq.)

114 607 139 634 e
170 591 317 633 codice
347 590 456 645 ipso,
490 603 598 643 quae
630 588 738 628 bene
768 584 1031 626 concordant
1063 598 1157 625 cum
1190 583 1271 626 hac
1301 598 1353 624 ex
1384 583 1630 639 apographo
1659 583 1773 625 facta
1803 582 2001 624 editione.

224 662 439 719 Inscripta
468 667 534 703 est
569 659 718 701 editio:
762 652 871 699 ‘The
902 657 1066 700 Liber
1094 655 1488 707 Landavensis,
1523 656 1650 711 Llyfr
1671 655 1796 709 Teilo,
1828 670 1875 696 or
1902 654 1974 696 the
2003 668 2078 696 an-

114 736 230 779 cient
259 735 440 791 regi-ster
471 733 517 775 of
542 731 614 774 the
646 731 878 776 Oathedral
909 728 1065 772 churcli
1097 729 1144 770 of
1168 727 1377 779 Llandaff,
1410 728 1515 771 from
1546 727 1677 771 MSS.
1708 729 1753 769 in
1782 727 1854 769 the
1884 726 2078 770 libraries

113 809 160 852 of
183 807 394 864 Hengwrt
426 807 510 849 and
540 805 586 848 of
610 804 742 846 Jesus
774 804 951 859 college,
985 801 1167 845 Oxford:
1201 800 1301 842 wit-h
1332 816 1387 842 an
1423 801 1590 857 english
1616 801 1870 844 translation
1901 800 1985 842 and
2006 814 2078 841 ex-

112 882 337 938 planatory
374 885 519 932 notes,
558 880 615 933 by
644 877 716 918 the
754 876 856 919 Rev.
892 875 959 918 W.
998 875 1040 917 J.
1070 874 1218 917 Rees.
1286 873 1522 917 Published
1559 875 1624 916 for
1661 874 1732 916 the
1764 873 1916 917 Welsh
1950 872 2080 917 MSS.

114 955 294 1010 society.
354 952 626 1006 Llandovery
661 943 792 992 1840.>

231 1028 269 1070 6.
317 1025 468 1070 Codex
496 1025 635 1079 legum
667 1021 1002 1074 Venedotianus,
1035 1020 1243 1063 vetustior
1273 1021 1471 1063 omnibus
1502 1019 1645 1076 legum
1665 1019 1886 1063 codicibus
1918 1018 1989 1075 qui
2012 1033 2083 1060 ex-

118 1107 245 1143 stant.
319 1099 402 1142 Est
443 1095 709 1142 collectionis
747 1094 1086 1150 Hengurtensis,
1131 1099 1304 1136 notatus
1335 1093 1477 1135 littera
1513 1095 1570 1135 A.
1621 1094 1672 1135 ab
1721 1092 1882 1135 editore
1921 1093 2082 1134 Aneur.

114 1173 289 1227 Oweno,
324 1179 366 1215 et
386 1170 557 1215 saeculo
589 1169 841 1213 duodecimo
872 1174 987 1210 ortus
1019 1182 1116 1210 esse
1147 1167 1316 1209 videtur
1346 1166 1418 1220 (ef.
1440 1165 1571 1222 praef.
1594 1166 1693 1208 edit.
1725 1180 1766 1221 p.
1788 1165 1866 1220 X).
1926 1163 2085 1218 Quam-

113 1247 178 1289 vis
209 1246 383 1296 multum
414 1246 500 1287 iam
531 1260 556 1287 a
586 1242 819 1286 vetustiore
848 1241 1021 1296 linguae
1050 1239 1300 1283 formatione
1332 1239 1597 1295 degenerans
1627 1245 1754 1295 atque
1783 1238 1829 1280 in
1849 1238 2085 1281 recentiore

112 1319 255 1362 adhuc
286 1319 475 1361 incertus
505 1318 551 1359 in
580 1316 773 1372 plurimis
805 1315 978 1357 inultum
1010 1314 1187 1355 fluctuet
1217 1318 1259 1354 et
1290 1312 1444 1365 variet,
1481 1312 1623 1355 minus
1654 1318 1858 1368 acceptus
1889 1311 2008 1363 ideo,
2049 1310 2085 1353 si

112 1393 267 1435 adsunt
296 1392 468 1434 aliunde
497 1390 686 1442 meliora,
718 1403 772 1431 ex
801 1387 894 1430 eius
924 1393 1045 1443 parte
1074 1387 1215 1442 priore
1246 1385 1499 1442 praesertim
1527 1392 1670 1428 tamen
1700 1401 1786 1428 non
1816 1399 1956 1441 pauca
1984 1384 2085 1438 (sub

113 1466 237 1521 signo
264 1463 393 1520 Leg.)
423 1464 577 1506 hausta
608 1468 708 1504 sunt
741 1461 784 1503 in
815 1461 897 1503 hoc
927 1475 1070 1516 opere.

226 1538 389 1594 Legum
420 1537 749 1589 cambricarum‚
788 1549 964 1590 quarum
994 1533 1131 1590 prima
1161 1531 1357 1581 collectio
1386 1532 1585 1575 tribuitur
1622 1532 1713 1587 regi
1744 1530 1925 1574 Howclo
1964 1531 2085 1572 Bono

115 1611 296 1667 (cambr.
328 1610 476 1666 Hywel
504 1609 618 1663 Dda,
651 1615 735 1651 vet.
768 1608 921 1665 Hiquel
949 1607 994 1648 in
1026 1605 1184 1649 Chron.
1218 1605 1374 1647 cambr.
1406 1605 1569 1648 inserto
1599 1605 1853 1661 praefationi
1885 1604 2086 1646 editionis

115 1685 169 1728 ad
202 1700 239 1727 a.
262 1684 367 1726 950:
425 1678 597 1738 ‘szuel
626 1697 702 1725 rex
731 1680 975 1724 Brittonum
1005 1672 1167 1733 obiit'),
1220 1679 1434 1721 recentior
1472 1678 1605 1721 editio
1640 1678 1799 1734 prodiit
1837 1677 2087 1719 auctoritate

115 1756 337 1801 societatis
373 1755 645 1812 publicandis
674 1750 964 1797 monumentis
994 1751 1182 1808 Angliae
1210 1751 1428 1798 historicis
1466 1752 1608 1795 dictae
1655 1747 1843 1793 ‘Record
1874 1750 2087 1795 Commis-

115 1823 220 1874 sion³
273 1829 334 1871 ita
361 1827 589 1884 inscripta:
648 1822 856 1870 ‘Ancient
884 1826 1035 1868 Laws
1076 1825 1175 1867 and
1204 1824 1495 1867 Institutes
1535 1825 1582 1866 of
1607 1823 1784 1877 Wales;
1824 1824 2088 1879 comprising

112 1904 217 1946 laws
247 1902 464 1959 supposed
493 1908 537 1944 to
568 1902 622 1944 be
652 1901 830 1944 enacted
861 1900 918 1955 by
947 1898 1102 1942 Howel
1131 1897 1203 1940 the
1234 1896 1374 1943 Good,
1405 1897 1605 1940 modified
1637 1899 1693 1954 by
1725 1898 1990 1953 Subsequent
2018 1912 2085 1939 re-

114 1976 329 2033 gulations
360 1975 495 2017 under
523 1975 595 2017 the
624 1975 770 2017 native
799 1975 971 2030 princes
1002 1972 1118 2029 prior
1153 1977 1196 2014 to
1227 1971 1298 2012 the
1330 1978 1538 2026 conquest
1571 1972 1625 2027 by
1657 1970 1845 2013 Edward
1873 1971 1944 2013 the
1975 1972 2086 2013 first-t

113 2049 198 2093 and
228 2047 477 2091 anomalous
506 2047 627 2102 laws,
658 2047 899 2102 consisting
927 2045 1186 2108 principally
1216 2044 1263 2086 of
1288 2044 1556 2087 institutions
1589 2045 1729 2087 which
1760 2046 1817 2100 by
1839 2044 1911 2086 the
1932 2050 2089 2086 statute

115 2123 162 2165 of
186 2121 386 2164 Ruddlan
423 2121 769 2163 were-admitted
797 2130 841 2162 to
875 2120 1076 2162 continue
1115 2118 1160 2160 in
1192 2117 1323 2160 force.
1383 2117 1505 2161 With
1549 2133 1603 2160 an
1635 2117 1803 2173 english
1833 2116 2088 2159 translation

116 2195 164 2239 of
188 2194 259 2238 the
289 2194 425 2237 welsh
454 2199 555 2238 text.
593 2188 726 2236 1841'.

232 2270 271 2311 7.
304 2267 454 2312 Codex
483 2267 611 2310 ruber
640 2267 962 2323 Hergestensis·
982 2264 1128 2321 (Llyfr
1158 2265 1252 2306 ‹50ch
1283 2279 1304 2305 0
1335 2263 1542 2320 Her-qest),
1574 2279 1688 2307 nunc
1711 2264 1906 2307 Oxoniae
1936 2263 2089 2307 biblio-

113 2342 264 2384 thecae
295 2341 467 2397 collegii
499 2340 612 2393 Iesu,
644 2341 756 2383 inter
785 2340 958 2383 codices
991 2344 1212 2381 servantes
1243 2337 1414 2392 linguae
1442 2337 1737 2380 formationem
1767 2337 1949 2380 mediam
1980 2337 2091 2379 inter

114 2421 330 2458 vetustam
362 2420 403 2456 et
432 2414 679 2456 hodiernam
709 2414 836 2456 facile
866 2413 1088 2471 princeps,
1129 2413 1251 2453 cuius
1282 2417 1398 2453 certa
1426 2411 1575 2467 regula
1611 2411 1656 2452 in
1686 2411 1768 2453 hoc
1801 2425 1927 2468 opere
1958 2409 2090 2465 pluri—

115 2488 195 2531 mis
228 2487 437 2544 exemplis
468 2487 569 2541 (sub
600 2493 703 2528 nota
730 2486 869 2542 Mab.)
901 2487 1066 2529 munita
1097 2494 1175 2528 est.
1238 2481 1388 2528 Codex
1419 2483 1592 2527 saeculo
1631 2491 1781 2540 quarto
1820 2484 1983 2526 decimo
2015 2483 2089 2525 ad-

113 2561 326 2604 iudicatur
354 2575 380 2603 a
409 2559 601 2602 Turnero
634 2558 824 2616 (Vindio.
856 2575 897 2616 p.
920 2560 995 2615 25)
1028 2565 1071 2602 et
1100 2559 1146 2601 in
1177 2557 1364 2600 editione
1394 2558 1492 2613 ipsa
1523 2557 1736 2611 (Prooem.
1769 2573 1811 2613 p.
1832 2555 2001 2616 XVIJ).

225 2633 490 2690 Praecipuas
519 2633 647 2675 huius
678 2633 841 2676 codicis
873 2632 977 2675 dicti
1006 2632 1125 2675 rubri
1144 2631 1410 2673 narrationes
1441 2630 1494 2673 de
1514 2629 1689 2672 Arthuri
1720 2631 1898 2686 eiusque
1930 2629 2089 2673 satelli-

119 2714 207 2750 tum
240 2707 427 2761 (Artlzur
455 2705 521 2747 a'r
541 2705 649 2764 ford
675 2721 793 2763 yron,
834 2707 888 2748 A.
920 2712 963 2748 et
995 2706 1165 2749 tabulae
1195 2704 1414 2757 rotundae,
1447 2703 1562 2746 Mab.
1587 2703 1626 2755 3,
1650 2703 1753 2758 322)
1795 2704 1923 2746 rebus
1955 2703 2089 2758 gestis

119 2796 201 2824 nec
226 2795 313 2824 non
344 2780 452 2822 alias
483 2793 592 2835 quae
619 2779 674 2821 ‘in
705 2778 854 2821 eodem
886 2779 1155 2822 continentur
1184 2778 1371 2821 Domina
1405 2773 1530 2818 Guesc
1559 2775 1762 2826 Cambra,
1803 2776 1960 2818 ,femina
1990 2776 2090 2818 doc—

119 2853 294 2896 tissima
324 2860 366 2895 et
385 2852 618 2895 litterarum
649 2852 774 2895 huius
796 2853 937 2908 gentis
969 2860 1011 2894 et
1039 2851 1165 2894 huius
1197 2850 1349 2893 aetatis
1378 2849 1576 2906 inprimis
1607 2865 1751 2905 gnara,
1784 2849 1917 2891 edidit
1945 2848 1987 2889 in
2018 2848 2091 2889 tri-

121 2928 203 2970 bus
234 2926 362 2969 tomis
392 2926 453 2968 ita
481 2925 722 2982 inscriptis:
771 2920 879 2967 ‘The
907 2924 1257 2980 Mabinogion
1296 2923 1402 2965 from
1434 2923 1504 2964 the
1535 2922 1655 2978 Llyfr
1692 2922 1797 2964 coch
1829 2938 1853 2963 o
1885 2921 2089 2976 Hergest,

120 3001 204 3043 and
236 3000 357 3043 other
388 2998 559 3041 ancient
596 2999 729 3045 welsh
758 2999 1064 3054 manuscripts,
1107 2998 1209 3040 with
1247 3011 1302 3038 an
1341 2996 1509 3051 english
1538 2995 1792 3038 translation
1830 2995 1915 3036 and
1953 3000 2088 3036 notes.

116 3073 185 3130 By
213 3073 337 3129 Lady
368 3070 587 3115 Charlotte
618 3072 798 3115 Guest.
838 3071 1021 3114 London
1055 3073 1190 3113 1849.

231 3145 459 3190 Codices
490 3144 706 3187 cornici.
770 3146 805 3186 1.
846 3143 1060 3187 Comicae
1092 3144 1275 3185 dialecto
1306 3142 1634 3185 adscribendum
1665 3149 1985 3184 monumentum
2015 3155 2088 3182 ve·

116 3218 285 3272 iustius,
317 3218 433 3275 quod
461 3224 587 3271 extat,
620 3226 687 3260 est
719 3216 1046 3260 vocabularium
1080 3219 1123 3258 in
1157 3216 1305 3258 codice
1334 3216 1657 3257 membranaceo
1685 3213 1888 3257 Londinii
1919 3220 2089 3256 servato

117 3293 162 3334 in
191 3290 345 3335 Museo
376 3290 615 3334 britannico
646 3290 933 3334 bibliothecae
964 3289 1269 3341 Oottonianae,
1311 3288 1380 3344 qui
1423 3288 1690 3344 significatus
1722 3295 1788 3330 est
1826 3293 1928 3328 nota
1958 3287 2088 3341 Vesp.

119 3365 174 3419 A,
211 3367 275 3407 14.

232 3437 331 3481 Hoc
360 3437 678 3482 vocabularium
709 3448 806 3481 esse
836 3437 1033 3480 haustum
1065 3451 1087 3478 e
1120 3436 1268 3479 codice
1299 3435 1553 3490 vetustiore,
1593 3434 1715 3477 cuius
1753 3440 1892 3477 tamen
1932 3433 2088 3481 formas
