2336 3736
689 230 771 278 m.
804 233 843 275 2.
893 242 1043 275 VERBA
1071 240 1192 274 nm.
1223 241 1457 274 monam.
1840 229 1934 271 (555)
1976 229 2059 274 565

71 359 332 416 Ιιε-νόενοΙιμει
372 351 657 414 (‘hospitari')
695 355 821 401 Cath.
874 354 970 397 beza
1004 353 1124 398 Man.
1155 353 1306 408 Dum.;
1356 353 1484 397 hodie
1522 368 1598 410 pro
1640 352 1812 396 dialecti
1851 352 2059 396 varietate

71 427 163 484 (pp.
189 427 269 470 116
292 441 355 483 sq.
390 426 492 481 144)
523 425 634 478 beza,
669 423 761 477 be'd,
796 423 867 466 be'a
903 423 1142 467 secundum
1167 422 1281 479 Lgn.

187 562 247 605 II.
307 561 515 618 Propriae
535 560 740 604 formulae
763 559 961 602 comicae
994 564 1036 601 et
1056 557 1316 601 aremoricae
1347 557 1552 610 oriuntur,
1585 557 1624 600 si
1655 556 1706 599 ad
1731 556 2058 612 significandam

68 631 156 674 vim
185 629 416 672 habendi
443 627 567 683 (mihi
589 634 655 670 est
673 646 717 663 =
736 626 897 681 habeo)
928 641 1005 683 per
1025 626 1356 683 impersonalem
1388 625 1753 669 constructionem
1784 639 1880 668 cum
1910 623 2057 667 formis

69 697 323 755 quibusdam
353 695 475 739 verbi
507 695 766 738 substantivi
795 694 990 738 radicum
1020 694 1059 737 2.
1091 698 1134 736 et
1166 696 1203 738 1.
1235 692 1280 736 in
1310 694 1550 749 praesenti.
1590 691 1750 735 radicis
1783 691 1836 734 bu
1878 707 1955 750 per
1986 706 2056 735 ce-

67 771 158 809 tera
194 770 388 821 tempora
428 763 663 814 adhibitae,
708 763 1025 818 coniunguntur
1068 761 1323 819 pronomina
1359 760 1607 818 personalia
1651 760 1797 802 infixa.
1864 758 2058 802 Primum

67 833 175 876 enim
208 831 536 889 pronominibus
567 831 714 874 infixis
745 831 784 874 3.
805 844 1018 886 personae
1050 827 1221 872 additur
1250 829 1419 885 syllaba
1440 837 1539 881 tev-‚
1570 828 1665 870 dev·
1696 827 1834 882 (corn.
1855 829 1951 884 y‘ev-
1980 840 2054 884 pp.

69 901 162 943 154.
190 901 304 953 171),
336 904 383 941 ut
411 897 492 940 hae
513 897 747 954 infigantur
766 896 994 940 formulae:
1027 911 1142 940 corn.
1165 897 1288 954 njev-
1318 909 1466 948 masc„
1498 902 1600 938 etev-
1620 894 1717 938 fem.
1751 902 1792 938 et
1821 895 1892 951 pl.‚
1926 909 2055 938 arem.

67 968 211 1010 endev-
241 981 387 1020 masc„
418 966 562 1008 hedeo-
592 965 688 1008 fem.
721 965 846 1022 sing„
877 965 1029 1021 boden-3
1054 964 1185 1021 plur.;
1230 962 1386 1006 deinde
1417 962 1589 1007 cornice
1620 963 1717 1019 (vix
1747 961 2002 1018 aremorice)
2034 962 2058 1004 b

67 1034 364 1078 intromittitur
394 1032 523 1077 etiam
553 1039 651 1076 ante
672 1031 832 1076 formas
861 1033 1062 1076 verbales
1091 1032 1284 1076 radicum
1317 1033 1354 1074 1.
1387 1036 1430 1074 et
1459 1032 1498 1074 2.
1529 1031 1783 1089 praesertim
1810 1036 1912 1087 post
1930 1036 2055 1073 notas

64 1117 106 1144 m
146 1106 182 1144 1.
212 1117 325 1159 pers.
366 1100 476 1157 sing.
517 1105 560 1143 et
598 1114 618 1141 ε
658 1100 802 1157 (aqas)
842 1101 880 1143 2.
911 1116 1023 1158 pers.
1062 1101 1193 1158 plur.;
1233 1097 1419 1156 denique
1461 1099 1638 1143 eaedem
1677 1098 1883 1143 formulae
1924 1113 2056 1155 saepe

68 1176 276 1226 augentur
305 1169 632 1228 pronominibus
664 1167 873 1212 absolutis
903 1184 992 1212 non
1013 1168 1150 1212 solum
1181 1183 1207 1212 a
1225 1168 1312 1211 fine
1334 1166 1506 1218 additis,
1540 1168 1616 1210 sed
1639 1167 1767 1210 etiam
1787 1166 2052 1224 praemissis.

63 1236 297 1281 Praeterea
332 1237 610 1281 inveniuntur
653 1236 870 1294 exempla,
910 1236 993 1279 etsi
1030 1252 1191 1296 pauca,
1229 1236 1378 1280 harum
1414 1235 1643 1279 formarum
1681 1235 1974 1293 irregulariter
2009 1235 2054 1280 in

67 1305 296 1350 flexionem
325 1306 597 1364 personalem
627 1310 1009 1362 transgressarum.

819 1428 1034 1488 Exempla
1062 1432 1211 1475 corni
1225 1446 1295 1475 ca.

177 1510 326 1554 Praes.
357 1511 482 1568 prim.
515 1511 624 1567 sing.
660 1512 696 1553 1.
727 1525 868 1568 perat
898 1511 1041 1554 marth
1069 1526 1141 1553 am
1170 1512 1233 1555 bes
1253 1512 1431 1569 kymmes
1460 1510 1561 1554 drok
1581 1527 1609 1554 a
1628 1511 1852 1567 wotlzevyth
1881 1510 2054 1568 (mirum

25 1618 34 1625 ,
62 1579 217 1633 habeo,
251 1580 382 1622 miror
412 1586 617 1637 quantum
646 1577 749 1621 mali
779 1578 980 1636 patiaris)
1001 1579 1050 1623 P.
1077 1580 1169 1633 120,
1196 1582 1231 1623 1.
1278 1595 1373 1622 mur
1402 1581 1523 1622 earth
1545 1579 1690 1622 ambus
1721 1578 1943 1637 (magnum
1975 1579 2051 1622 mi-

62 1648 254 1691 raculum
283 1648 444 1703 habeo)
479 1647 531 1691 O.
554 1648 650 1689 371.
693 1654 792 1689 erest
822 1661 891 1690 am
913 1647 986 1690 bus
1016 1647 1345 1702 (confidentiam
1363 1648 1523 1705 habeo)
1545 1648 1596 1691 R.
1622 1649 1743 1692 1737.
1790 1662 1867 1690 oen
1890 1662 1958 1689 am
1979 1648 2053 1689 bus

61 1731 111 1773 vy
142 1716 356 1772 (timorem
388 1717 524 1760 habeo
547 1715 649 1773 ego)
682 1712 733 1758 O.
760 1715 882 1757 1452.
918 1715 1052 1772 yalloe
1080 1731 1152 1759 am
1182 1716 1277 1758 bues
1297 1717 1406 1760 theth
1425 1731 1593 1773 crousye
1613 1717 1890 1773 (potestatem
1912 1715 2049 1759 habeo

61 1791 103 1827 te
135 1784 438 1840 crucifigendi)
468 1784 524 1828 D.
546 1784 671 1827 2184.
717 1782 856 1826 marth
887 1797 960 1826 am
992 1783 1085 1826 bueo
1107 1782 1277 1840 (miror)
1299 1784 1354 1828 D.
1378 1786 1502 1828 2392.
1534 1784 1586 1828 R.
1609 1785 1705 1827 960.
1743 1785 1918 1841 nymbus
1940 1792 2053 1843 fyr-est

60 1852 167 1908 (non
198 1852 337 1895 habeo
367 1852 574 1909 vestem),
614 1851 789 1909 nymbus
813 1852 941 1910 qratlz
971 1851 1081 1908 (non
1109 1853 1248 1897 habeo
1279 1853 1480 1910 gratiam)
1513 1852 1564 1896 O.
1597 1854 1691 1897 356.
1719 1854 1840 1896 1413.
1877 1852 2051 1910 nymbus

57 1923 128 1964 ath
159 1923 347 1965 ἰαυανοω
375 1922 518 1964 veham
547 1936 629 1977 aya
660 1920 805 1962 clema-3
834 1920 881 1976 (e
901 1920 1045 1964 verbis
1076 1920 1163 1965 tuis
1193 1936 1281 1964 non
1303 1921 1439 1965 habeo
1461 1921 1720 1965 desiderium
1753 1937 1803 1964 ea
1825 1920 2049 1976 audiendi)

54 1989 106 2032 R.
134 1991 256 2033 1517.
303 2005 401 2046 nym
432 1990 505 2031 bus
536 1990 647 2047 bywe
675 2003 733 2030 na
750 1987 876 2043 fella,
905 1989 1073 2047 nymbee
1104 1989 1214 2032 bewa
1244 2006 1302 2032 na
1324 1989 1445 2045 sella,
1476 2004 1573 2046 ηψπ
1597 1990 1690 2032 beas
1721 1990 1830 2032 bewa
1859 2006 1916 2031 na
1935 1989 2050 2042 fella

59 2057 166 2113 (non
197 2057 334 2101 habeo
374 2058 505 2100 vitam
544 2056 750 2114 amplius)
786 2055 838 2099 R.
869 2057 995 2100 2210.
1043 2056 1114 2102 Cr.
1147 2059 1270 2101 1571.
1310 2059 1431 2102 1966.
1487 2073 1542 2115 ay
1572 2059 1665 2107 fruc
1694 2057 1826 2115 dybry
1855 2072 1954 2114 wym
1985 2056 2048 2098 bes

57 2126 198 2167 wlmns
235 2127 309 2180 (de
339 2126 478 2168 fructu
510 2127 602 2169 eius
634 2125 762 2168 edere
804 2139 891 2168 non
921 2125 1143 2181 desidero)
1183 2124 1235 2169 Ο.
1263 2127 1356 2168 171.
1409 2125 1606 2183 nymbues
1637 2141 1714 2168 ovn
1744 2127 1840 2183 syth
1869 2125 2048 2167 annotlzo

57 2193 239 2248 (nullum
269 2194 463 2237 timorem
494 2193 632 2236 habeo
663 2192 792 2248 eius),
824 2208 893 2249 my
922 2208 1022 2250 ηψπ
1052 2192 1146 2236 bues
1175 2194 1276 2236 dont
1305 2192 1407 2249 (ego
1428 2209 1514 2236 non
1537 2194 1706 2250 dubito)
1728 2193 1779 2236 R.
1801 2194 1897 2236 385.
1925 2193 2045 2236 1435.

55 2262 231 2317 worthys
260 2275 323 2302 me
351 2260 509 2302 nembes
538 2275 662 2318 neyys
693 2260 854 2316 (tecum
886 2275 966 2317 ego
996 2275 1086 2303 non
1105 2261 1245 2304 habeo
1276 2261 1515 2318 negotium)
1539 2260 1610 2306 Cr.
1633 2263 1728 2305 551.
1775 2260 1940 2317 uymbes
1966 2261 2046 2317 yd-

55 2329 162 2385 droy
202 2329 337 2385 vyffie,
378 2328 542 2384 nymbes
577 2328 768 2385 yddraelc
805 2330 842 2369 v‘
882 2327 1070 2383 (nullam
1107 2329 1414 2386 paenitentiam
1451 2328 1618 2385 habeo)
1659 2328 1730 2373 Cr.
1767 2329 1891 2371 1141.
1925 2328 2045 2370 1506.

58 2396 221 2452 nymbee
251 2396 319 2452 ioy'
352 2396 460 2451 (non
489 2395 629 2439 habeo
660 2396 883 2453 gaudium)
917 2395 990 2441 Cr.
1015 2396 1138 2439 1260.
1173 2412 1243 2454 my
1273 2412 1299 2439 a
1328 2411 1414 2439 wor
1440 2406 1544 2454 ynta
1574 2398 1708 2454 lemsqn
1737 2411 1837 2438 nam
1859 2395 1922 2437 bes
1943 2394 2047 2437 bewe

54 2480 112 2506 na
132 2464 240 2519 fella
281 2463 393 2518 (scio
423 2465 558 2521 probe
594 2479 711 2507 nunc
740 2480 808 2508 me
851 2479 940 2507 non
969 2463 1128 2507 habere
1159 2466 1290 2508 vitam
1323 2464 1528 2522 amplius)
1568 2463 1620 2507 O.
1656 2465 1776 2507 1884.
1821 2478 1920 2505 nam
1951 2462 2046 2504 bues

50 2531 171 2587 qula&
197 2545 309 2588 ymno
340 2532 476 2588 deffry
505 2533 643 2589 (quod
674 2547 761 2575 non
791 2532 931 2576 habeo
961 2547 1141 2590 regnum
1171 2532 1218 2575 in
1249 2548 1299 2575 eo
1330 2533 1528 2587 indubie)
1560 2531 1612 2574 D.
1637 2532 1763 2574 2014.
1834 2531 1873 2575 2.
1904 2544 2041 2587 pers:

53 2598 201 2640 anotho
239 2613 335 2640 ‘mar
365 2600 447 2642 thes
473 2601 627 2656 preder
665 2600 740 2656 (de
771 2616 821 2645 eo
854 2600 892 2642 si
920 2599 1056 2643 habes
1086 2600 1254 2657 curam)
1298 2600 1351 2645 O.
1386 2601 1483 2643 608.
1530 2614 1624 2642 mar
1664 2600 1777 2641 tkuee
1811 2613 1889 2640 ovn
1927 2597 2044 2639 bones

57 2665 236 2722 knoukys
262 2666 323 2722 (si
351 2666 477 2711 times
507 2683 563 2712 ne
591 2668 794 2725 vapules)
822 2667 879 2712 D.
902 2668 1028 2711 2245.
1069 2668 1210 2710 marth.
1235 2683 1290 2725 μυ
1317 2668 1454 2726 yynef
1474 2683 1532 2710 na
1552 2667 1666 2709 almeo
1695 2667 1803 2709 mech
1833 2679 1894 2708 ow
1913 2662 2047 2706 keusel

50 2723 139 2789 jou)
169 2732 320 2788 (miror
350 2735 464 2791 quod
494 2741 536 2778 te
566 2752 654 2780 non
685 2737 819 2793 pudet
848 2735 994 2779 dicere
1023 2735 1200 2791 falsum)
1230 2734 1282 2777 R.
1308 2736 1431 2778 1391.
1492 2735 1530 2778 3.
1563 2749 1696 2791 persa
1728 2748 1851 2777 mara
1871 2733 1975 2780 iet-es,
1992 2731 2045 2772 wl

53 2799 212 2858 dybbry
252 2801 311 2857 (si
342 2802 473 2846 habet
509 2804 769 2848 desiderium
811 2803 988 2860 edendi)
1023 2802 1080 2846 D.
1115 2804 1184 2847 47.
1238 2803 1339 2845 dout
1373 2818 1430 2845 an
1458 2804 1566 2844 ieues
1604 2817 1660 2844 an
1693 2802 1789 2843 losez
1826 2799 2040 2852 (timorem

52 2867 184 2910 habet
211 2868 392 2926 nebulo)
422 2869 477 2914 D.
505 2873 626 2914 1776.
674 2871 813 2914 marth
844 2887 901 2928 an
916 2871 1032 2929 qeses
1051 2869 1269 2926 (miratur)
1301 2869 1353 2913 O.
1380 2870 1502 2913 1484.
1547 2870 1623 2912 neb
1653 2886 1679 2912 α
1709 2885 1757 2911 vo
1784 2884 1813 2926 y
1830 2868 1934 2926 qorf
1955 2867 2043 2923 9οἰ-

54 2936 241 2992 bys'nyn
260 2937 372 2991 jevee
401 2939 531 2980 ethom
557 2939 682 2996 yolky
712 2939 772 2995 (is
804 2939 930 2983 ouius
961 2953 1116 2996 corpus
1154 2937 1341 2991 lavatur,
1375 2953 1484 2995 opus
1514 2953 1602 2980 non
1631 2937 1762 2981 habet
1789 2935 1945 2990 lavari)
1986 2935 2040 2979 D.

53 3005 148 3046 862.
195 3019 279 3060 nyn
307 3006 419 3062 qefes
448 3006 603 3062 cowytlz
631 3021 689 3062 yn
719 3006 820 3048 wlae
856 3006 965 3061 (non
996 3005 1128 3050 habet
1157 3006 1348 3049 sodalem
1379 3007 1424 3048 in
1455 3006 1652 3062 regione)
1690 3004 1742 3048 R.
1776 3005 1897 3047 1855.
1942 3017 2042 3059 mal)

52 3072 130 3112 den
167 3073 244 3128 hep
275 3072 349 3114 ken
385 3088 434 3129 ys
465 3073 570 3116 bara
601 3074 696 3130 byth
723 3088 809 3130 nyn
840 3076 944 3117 ieves
984 3075 1024 3117 ol
1053 3074 1224 3128 beantes,
1265 3074 1361 3115 mab
1397 3075 1472 3116 (len
1513 3075 1589 3131 hep
1628 3073 1702 3115 lcen
1735 3088 1783 3130 y&
1815 3071 1919 3114 hara
1957 3087 2043 3126 nyn

50 3154 176 3195 qenes
205 3141 262 3181 olZ
286 3155 314 3196 y
334 3155 494 3182 vewnas
525 3141 672 3196 (homo
695 3143 789 3185 sine
820 3142 905 3185 alia
933 3157 980 3185 re
1009 3142 1096 3185 nisi
1116 3156 1229 3199 pane
1259 3157 1347 3185 non
1367 3142 1498 3186 habet
1527 3157 1695 3186 omnem
1726 3141 1869 3193 vitam,
1902 3139 2042 3194 suam)

50 3206 107 3249 D.
130 3207 289 3250 66.*P.
315 3208 380 3261 12,
408 3210 444 3250 1.
498 3224 552 3250 an
584 3211 682 3264 corf
703 3225 789 3252 mm
817 3211 928 3267 qefee
963 3211 1060 3268 vyth.
1082 3224 1171 3267 par
1206 3210 1385 3268 (corpus
1427 3211 1495 3254 cui
1525 3212 1691 3254 nullum
1728 3226 1804 3268 par
1835 3207 1947 3262 est),
1980 3216 2042 3249 'an

52 3275 193 3316 arluth.
222 3291 309 3318 nan
335 3276 447 3332 yeses
465 3292 547 3332 par
578 3277 798 3333 (dominus
831 3279 1011 3334 quinon
1031 3277 1161 3321 habet
1182 3280 1349 3336 parem)
1371 3279 1426 3322 R.
1448 3280 1543 3322 788.
1567 3281 1662 3322 912.
1698 3295 1757 3336 yn
1788 3277 1928 3334 bysma
1957 3290 2044 3316 nan

48 3357 166 3398 ,qevee
183 3357 267 3399 par
288 3343 383 3400 (qui
403 3344 450 3386 in
469 3344 552 3387 hoc
572 3346 730 3388 mundo
761 3361 847 3388 non
878 3346 1037 3389 habeat
1066 3347 1239 3403 parem)
1270 3347 1326 3391 D.
1353 3349 1473 3391 1578.
1534 3347 1649 3390 Plur.
1673 3348 1712 3390 2.
1733 3359 1870 3405 pers.:
1898 3341 2042 3399 palum

51 3408 221 3464 ckeyeon
251 3426 297 3451 as
328 3411 421 3453 bues
451 3412 542 3468 why
572 3413 761 3470 (qualem
784 3428 958 3457 causam
978 3413 1147 3458 habetis
1170 3429 1248 3458 vos
1261 3415 1301 3470 Ρ)
1323 3414 1378 3458 D.
1405 3417 1524 3459 1970.
1567 3416 1784 3472 leuet-cufi
1808 3416 1964 3472 thynny
1986 3425 2041 3451 cm
