2336 3736
291 268 400 309 1050
428 269 683 309 (low—40⁷5)
729 280 972 313 APPENDIX.
1031 281 1255 313 spx-:omns
1285 282 1463 314 comme
1491 283 1727 315 mssnnmci
1756 285 1826 316 on.

285 389 394 441 XII,
437 391 593 445 partire
625 407 702 447 per
729 392 773 434 X
805 392 972 436 decies⁴3
1007 409 1104 437 asse
1136 394 1305 448 decus,⁷
1343 400 1385 437 et
1416 400 1636 437 remanent
1665 395 1749 438 duo
1780 397 1947 452 puncti,
1979 398 2021 441 id
2052 404 2136 452 est,
2171 415 2247 443 sex

285 462 447 509 parte83
479 458 593 500 illam
627 474 725 514 ergo
758 460 866 502 caeli
897 467 1062 516 partem
1089 468 1207 504 tenet
1235 462 1337 505 luna
1365 462 1503 514 tertia,
1535 477 1661 518 quam
1691 464 1756 506 sol
1786 479 1932 508 mense
1962 470 2051 507 toto
2083 473 2126 508 et
2156 466 2246 509 die—

286 522 364 565 bus
394 523 456 566 VI
487 535 586 580 post
614 527 783 568 tertium
813 527 960 570 Nonas
991 527 1213 572 Ianuarias
1245 530 1426 583 exactis,
1465 530 1509 571 id
1540 536 1633 581 est,
1675 528 1736 571 VI
1766 537 1866 587 post
1894 532 2064 575 tertium
2094 533 2244 577 Nonas

288 589 538 635 Februarias
576 592 645 635 die
686 601 988 637 consummato.
1055 595 1141 639 Ubi
1172 604 1322 652 quarta
1353 604 1437 649 est,
1479 595 1716 651 multiplica
1745 597 1851 640 haec
1879 613 1956 654 per
1984 598 2096 652 IIII,
2139 601 2248 643 fiunt

282 656 409 708 XVI,
448 659 604 714 partire
642 675 720 716 per
757 661 906 703 decem
944 663 1090 706 decies
1127 678 1226 706 asse
1255 663 1411 716 decus,
1452 671 1493 706 et
1530 670 1749 706 remanent
1778 663 1841 707 VI
1872 665 2048 721 puncti,
2088 667 2134 709 id
2165 675 2244 721 est,

283 736 424 777 partes
444 725 488 767 X
519 732 563 767 et
584 727 704 769 VIII.
762 728 884 770 Illam
914 728 1043 786 igitur
1073 731 1181 774 caeli
1202 737 1364 788 partem
1394 737 1511 773 tenet
1540 731 1641 772 luna
1661 737 1822 786 quarta,
1855 747 1980 788 qnam
2010 733 2076 776 sol
2095 749 2242 778 mense

282 792 447 847 expleto
485 808 536 835 ac
566 794 608 835 X
651 801 693 836 et
722 795 830 837 VIII
861 795 1014 839 diebus
1049 804 1148 853 post
1183 798 1319 854 pridie
1356 798 1508 840 Nonas
1547 796 1784 840 Ianuarias.
1851 797 1937 842 Ubi
1974 800 2124 855 quinta
2161 809 2239 855 est,

281 858 513 915 multiplica
543 860 579 902 V
619 877 694 918 per
724 862 834 913 IIII,
873 863 982 905 fiunt
1010 863 1117 917 XX,
1158 865 1316 922 partire
1354 880 1428 921 per
1467 864 1615 906 decem
1653 864 1720 906 bis
1753 865 1852 907 deni
1889 865 2029 919 vies;⁸
2073 867 2239 912 duobus

278 940 378 980 ergo
404 928 626 970 mensibus
657 930 840 983 expletis
872 930 1073 973 adveniet
1107 932 1172 974 sol
1201 938 1365 987 partem
1397 932 1526 985 caeli,
1577 946 1705 987 quam
1735 931 1837 974 luna
1867 933 2015 989 quinta
2042 939 2171 986 tenet,
2203 935 2247 978 id

278 1000 362 1044 est,
403 994 471 1036 die
502 994 717 1038 Nonarum
748 996 1010 1040 Martiarum.
1072 998 1160 1041 Ubi
1191 1004 1344 1041 octava
1374 1001 1461 1041 est⁹
1502 998 1560 1039 VI
1587 998 1692 1040 Idus
1727 998 1969 1054 Ianuarias,
2008 1000 2244 1058 multiplica

278 1059 385 1104 VIII
416 1076 491 1115 per
519 1062 630 1114 ΠΗ,
663 1064 771 1105 fiunt
800 1065 1005 1118 XXXII,
1047 1066 1204 1122 partire
1233 1080 1311 1122 per
1342 1065 1487 1107 decem
1517 1070 1587 1106 ter
1616 1065 1715 1107 deni
1744 1065 1922 1120 tries,²⁰
1956 1074 2001 1110 et
2027 1075 2249 1112 remanent

267 1126 368 1171 duo.
382 1130 543 1184 puncti,
573 1131 617 1172 id
641 1138 717 1183 est,
751 1131 813 1174 VI
841 1138 988 1189 partes
1019 1133 1146 1185 caeli3
1177 1133 1290 1174 illam
1322 1138 1484 1188 partem
1522 1131 1628 1173 caeli
1659 1138 1779 1174 tenet
1806 1132 1908 1176 luna
1937 1140 2092 1182 octava
2110 1135 2249 1178 jnffVI

277 1194 426 1238 Iduum
454 1195 745 1240 Ianuariarum
777 1199 858 1247 die,
892 1213 1018 1253 quam
1049 1200 1113 1243 sol
1143 1200 1339 1242 aditurus·
1366 1204 1432 1241 est
1460 1206 1561 1255 post-
1597 1205 1684 1241 tres
1707 1199 1864 1244 abhinc
1892 1215 2064 1246 menses
2094 1208 2138 1246 et
2153 1203 2249 1253 dies

278 1261 431 1315 VI,2id
461 1271 541 1317 est,
570 1265 633 1307 VI
664 1266 732 1308 die
762 1275 861 1323 post
889 1267 951 1309 VI
982 1267 1085 1309 Idus
1116 1266 1305 1324 Apriles.

389 1330 493 1388 Cap.
516 1332 683 1375 XVIII.
743 1333 887 1387 Quota
917 1334 972 1376 sit
992 1334 1093 1376 luna
1122 1335 1167 1376 in
1192 1333 1407 1378 Calendas
1438 1339 1669 1390 quasque.l
1718 1333 1862 1376 Primo
1884 1335 2245 1383 decennovenalis

275 1397 423 1441 circuli
453 1414 578 1453 anno,-
609 1401 655 1443 in
675 1416 760 1458 quo
790 1402 932 1445 nullae
963 1410 1064 1444 sunt
1094 1408 1283 1458 epactae,
1315 1401 1360 1443 iu
1381 1399 1600 1444 calendas
1618 1401 1842 1445 Ianuarias
1873 1417 1987 1446 nona
2016 1410 2084 1447 est
2100 1404 2243 1458 luna,²

274 1464 319 1508 in
350 1462 564 1510 Calendas
592 1468 848 1513 Februarias
878 1470 934 1522 X,
966 1471 1011 1512 in
1042 1468 1256 1513 Calendas
1277 1468 1458 1512 Martias
1477 1468 1559 1522 IX,
1590 1468 1637 1511 in
1666 1468 1882 1513 calendas
1901 1470 2079 1527 Apriles
2109 1471 2168 1525 X,
2199 1472 2247 1526 in

276 1531 492 1576 Galendas
520 1535 660 1580 Maias
690 1537 774 1590 XI,
806 1538 850 1580 in
882 1536 1096 1582 Calendas
1126 1537 1274 1581 Iunias
1303 1537 1409 1590 XII,
1440 1537 1484 1580 in
1515 1536 1732 1580 calendas
1760 1536 1897 1580 Iulias
1925 1537 2055 1591 XIII,
2086 1540 2144 1581 in,
2162 1538 2247 1585 Ga-

276 1600 427 1645 landas
459 1603 680 1658 Augustas
711 1604 870 1658 XIIII,
909 1605 954 1646 in
984 1603 1200 1647 calendas
1232 1605 1506 1661 Septembres
1543 1604 1671 1658 XVI,
1709 1605 1755 1646 in
1786 1603 2001 1648 calendas
2032 1604 2245 1651 Octobres

273 1668 402 1722 XVI,
448 1670 493 1712 in
523 1669 742 1714 Calendas
771 1672 1037 1715 Novembres
1067 1671 1245 1731 XVIII,
1284 1673 1329 1715 in
1360 1672 1574 1716 Calendas
1604 1672 1869 1715 Decembres
1908 1671 2078 1716 XVIII.
2153 1673 2249 1718 Hos

276 1737 353 1779 tibi
383 1753 583 1782 numeros
614 1754 690 1795 pro
715 1740 983 1795 regularibus
1005 1740 1268 1796 singulorum
1298 1740 1507 1783 mensium
1539 1755 1670 1793 sume,
1703 1740 1857 1796 quibus
1888 1754 2053 1783 annuas
2084 1740 2248 1785 addens

274 1811 460 1859 epactas,
493 1805 596 1847 luna
626 1812 756 1862 quota
786 1807 864 1849 sit³
899 1823 977 1864 per
1008 1807 1224 1851 Calendas
1255 1822 1460 1865 quasque,
1495 1807 1586 1850 sine
1619 1822 1760 1851 errore
1789 1808 1994 1864 reperies.
2056 1807 2105 1851 Si
2135 1809 2249 1853 enim

276 1871 343 1914 vis
377 1864 505 1924 scire,
538 1880 667 1928 quota
699 1874 756 1916 sit
785 1875 884 1917 luna
915 1875 960 1917 in
992 1874 1209 1919 Calendas
1238 1875 1460 1918 Ianuarias
1492 1890 1602 1918 anno
1634 1875 1824 1918 secundo
1855 1875 2005 1918 circuli
2035 1876 2248 1920 decenno-

276 1939 461 1991 venalis,
499 1948 599 1982 tene
632 1940 694 1983 IX
723 1942 985 1997 regulares,4
1031 1943 1139 1985 adde
1170 1947 1348 1999 epactas
1377 1940 1461 1994 XI,
1504 1944 1611 1984 fiunt
1639 1942 1752 1995 XX,
1792 1942 1998 1987 vicesima
2027 1953 2095 1986 est
2131 1944 2249 1987 luna.

272 2005 320 2049 Si
357 2007 422 2049 vis
462 2008 594 2060 scire,
639 2016 769 2064 quota
808 2017 873 2052 est
902 2011 1003 2052 luna
1039 2010 1084 2051 in
1116 2008 1334 2053 Calendas
1371 2008 1513 2052 lunias
1559 2025 1671 2052 anno
1702 2011 1851 2062 tertio,
1889 2018 1988 2054 tene
2024 2013 2244 2066 regulares

272 2073 378 2126 XII,
409 2075 518 2117 adde
542 2084 715 2132 epactas
741 2077 841 2119 anni
861 2077 977 2120 illius
999 2077 1149 2130 XXII,
1185 2077 1293 2118 fiunt
1312 2076 1554 2125 XXXIIII,
1587 2077 1688 2120 tolle
1707 2077 1856 2131 XXX,
1886 2085 2108 2121 remanent
2134 2077 2248 2131 IIII;

272 2148 435 2196 quarta,
466 2150 532 2184 est
562 2143 661 2186 luna
696 2144 744 2194 in
772 2144 989 2188 Galendas
1026 2152 1290 2187 memoratae.
1360 2145 1490 2196 Quod
1526 2145 1562 2186 si
1601 2146 1695 2206 quis
1726 2145 1985 2198 obieceritst
2018 2145 2089 2187 vel
2118 2145 2244 2189 huius

276 2207 344 2251 vel
375 2210 673 2264 praecedentis
703 2212 939 2268 argumenti
969 2211 1126 2254 alicubi
1157 2211 1347 2254 ordinem
1381 2211 1593 2263 vacillare,
1624 2212 1776 2256 doceat
1803 2213 1899 2269 ipse
1930 2213 1975 2255 in
1999 2212 2242 2257 huiusmodi

274 2277 602 2331 quaestionibus
621 2278 879 2334 indagandis
902 2278 1098 2321 veracius
1129 2286 1172 2320 et
1190 2278 1537 2334 compendiosius
1559 2288 1863 2334 argumentum,
1896 2286 1939 2322 et
1958 2294 2038 2322 nos
2057 2279 2241 2331 libenter

275 2349 577 2400 gratanterque
606 2346 879 2402 accipiemus.
948 2345 1048 2389 Hoc
1075 2352 1217 2390 autem
1247 2347 1531 2402 praecedens,
1573 2347 1688 2402 quod
1724 2346 2146 2390 commemoravimus
2175 2362 2244 2391 ar·-

274 2417 539 2466 gumentum,
595 2421 637 2456 et
673 2413 893 2456 nonnullis
938 2413 993 2456 ad
1031 2413 1396 2457 transcribendum
1442 2415 1526 2457 iam
1564 2413 1804 2466 dedimus,²
1854 2419 1897 2456 et
1934 2414 1980 2457 in
2019 2413 2243 2471 principiis

273 2477 399 2520 huius
429 2480 565 2522 nostri
597 2481 793 2536 opusculi
825 2481 1144 2537 praefigendum
1183 2496 1280 2523 esse
1311 2496 1547 2525 censemus.
1608 2481 1743 2524 Porro
1780 2495 1985 2538 praesens
2018 2496 2241 2538 argumen-

275 2551 372 2596 tum,
405 2547 519 2601 quod
550 2547 603 2589 de
634 2548 736 2590 luna
766 2547 1049 2590 Calendarum
1081 2548 1325 2604 quaerenda
1353 2550 1596 2605 posuimus,
1628 2550 1711 2593 hoc
1739 2555 1905 2593 tantum
1934 2549 2029 2593 loco
2060 2563 2244 2593 comme·-

273 2625 465 2657 morasse
496 2620 538 2657 et
568 2615 768 2657 docuisse
800 2615 996 2669 sufficiat.
1056 2617 1164 2659 Nam
1196 2616 1387 2673 cognita,
1432 2625 1561 2673 quota
1591 2619 1668 2660 sit-⁹·
1704 2617 1748 2659 in
1778 2616 1995 2661 calendas
2023 2616 2147 2670 luna,
2182 2615 2245 2660 fa-

272 2678 355 2722 cile
386 2680 534 2734 etiam,
568 2683 721 2725 ceteris
752 2684 962 2738 cuiusque
991 2684 1151 2726 mensis
1184 2684 1335 2726 diebus
1373 2697 1458 2739 qua
1487 2685 1546 2728 sit
1573 2690 1730 2739 aetate,
1770 2689 1940 2728 cantato
1971 2683 2068 2739 ipso
2098 2697 2244 2726 mense

275 2752 317 2790 et
348 2749 700 2792 concurrentibus
740 2749 884 2805 digitis
925 2751 1185 2806 apparebit}
1250 2750 1361 2794 Sunt
1390 2759 1526 2794 autem
1560 2752 1662 2796 anni
1699 2759 1787 2795 tres
1823 2750 1995 2795 circuli-‘2
2033 2750 2243 2796 decennu-

278 2814 464 2868 venalis,
502 2815 547 2856 in
578 2816 733 2871 quibus
770 2818 882 2860 idem
919 2824 1211 2873 argumentum
1252 2818 1526 2860 stabilitatem
1571 2819 1638 2861 sui
1676 2818 1839 2862 tenoris
1876 2832 2132 2861 conservare
2169 2831 2244 2860 ne-

275 2884 447 2935 queat,⁶
484 2890 660 2925 octavus
691 2884 913 2937 videlicet,
945 2884 1217 2937 undecimus,
1249 2893 1290 2926 et
1316 2900 1457 2928 nonus
1490 2886 1698 2939 decimus,
1738 2886 1807 2929 cui
1835 2900 2008 2929 causam
2037 2884 2237 2928 nutandi⁷

364 3030 385 3062 6
411 3028 444 3062 .2'.
471 3040 492 3061 α
518 3028 577 3062 o'en
591 3028 736 3073 fodeiclz
785 3033 804 3063 7
831 3031 863 3065 .i.
888 3030 1037 3065 itadeick

366 3077 385 3106 ὃ
412 3074 524 3117 wic-ha
571 3077 590 3109 9
618 3075 650 3110 .i.
677 3076 853 3119 liriyi'dsem
875 3075 990 3111 tardes
1017 3076 1105 3111 nesci
1128 3075 1203 3110 beos
1229 3076 1429 3116 arobwnbm'
1478 3080 1519 3111 10
1544 3079 1578 3114 .i.
1606 3077 1722 3113 trieha

365 3123 451 3160 (32⁴)
505 3126 515 3153 1
546 3120 661 3154 iss-lide
685 3120 850 3155 asmberse
875 3121 1021 3155 archim
1046 3122 1079 3156 .i.
1104 3127 1159 3155 est.
1176 3122 1277 3157 etiam
1299 3127 1394 3156 neem
1420 3128 1652 3169 arywmem'mn
1674 3124 1720 3160 rl.
1767 3127 1786 3156 2
1805 3124 1855 3165 (in
1872 3134 1947 3158 mar
1971 3124 1995 3161 .)
2011 3123 2047 3158 a‘.
2060 3122 2097 3155 πί
2114 3132 2246 3158 siceum·

274 3165 369 3199 latar
399 3171 541 3210 epactae
571 3165 643 3200 ‚XJ
673 3167 717 3201 lcl.
748 3178 805 3212 ap.
828 3166 890 3211 fri
917 3168 974 3200 ria
998 3167 1066 3201 lori
1095 3167 1131 3201 in
1162 3167 1223 3202 illo
1254 3178 1345 3204 anno
1377 3167 1598 3203 dothoseelad
1619 3169 1672 3204 α’ίε
1695 3167 1767 3203 e'sci
1788 3168 1837 3203 bis
1852 3168 1920 3214 sor
1967 3168 1988 3203 l.
2015 3167 2102 3202 each
2124 3168 2188 3201 mie
2211 3167 2248 3202 in

271 3210 386 3254 primo
417 3222 505 3245 anno
537 3212 603 3246 {the
633 3212 784 3257 riaylori
814 3213 904 3246 insin
935 3224 957 3245 a
983 3212 1175 3247 clzomlatar
1195 3213 1257 3258 fri
1278 3218 1404 3260 epacta
1430 3213 1497 3248 XI.
1521 3214 1566 3248 kl.
1592 3226 1650 3260 ap.
1675 3213 1799 3250 hazael:
1822 3214 1955 3250 madia
1977 3211 2249 3250 trecinndeddcde

275 3255 362 3290 imile
410 3259 429 3290 3
455 3257 514 3290 eid
538 3269 592 3292 aes
619 3259 710 3291 nerei
754 3263 776 3291 4
804 3258 838 3293 si.
863 3268 919 3292 aes
945 3258 1034 3292 nesci
1056 3258 1102 3295 kl.
1127 3259 1197 3294 ian.
1222 3259 1259 3293 in
1277 3259 1394 3304 primo
1417 3269 1509 3294 anm

366 3304 456 3343 (32b)
509 3310 520 3337 1
553 3304 584 3338 ,εἶ
611 3303 841 3348 hifritkckeist
888 3308 908 3339 2
935 3304 968 3339 .i.
993 3303 1131 3341 sockide
1153 3304 1333 3339 rodasorib
1358 3304 1452 3339 Ιιάαη

366 3350 387 3380 3
413 3348 473 3381 eid
493 3348 548 3383 (λεδ
575 3349 779 3394 dixniyedar
827 3354 849 3383 4
873 3350 923 3390 (in
948 3352 1069 3395 marg.)
1095 3351 1126 3384 .i.
1154 3350 1270 3385 ambae
1295 3355 1366 3385 cete
1389 3350 1424 3386 .i.
1449 3350 1531 3386 aeht
1552 3349 1783 3386 aarobarthar
1807 3349 1890 3385 inmi

365 3395 384 3426 5
412 3406 442 3475 ᾗ.
477 3398 572 3473 tior-a
605 3394 738 3430 bltadm·
755 3394 971 3441 fritkriayla
993 3406 1130 3429 namma
1155 3396 1282 3431 leiesem
1351 3400 1372 3431 6
1398 3396 1431 3430 .i.
1457 3396 1538 3431 ami
1560 3396 1678 3431 totio-eli
1701 3396 1873 3442 arywmim
1887 3393 1980 3435 ‚nolu
2002 3394 2135 3432 bliadm·
2155 3394 2247 3431 sla'in

273 3440 290 3471 7
318 3442 410 3475 ulma
439 3439 489 3484 iet
512 3450 528 3474 e
