<?xml version="1.0" encoding="UTF-8"?>
<!DOCTYPE html PUBLIC "-//W3C//DTD XHTML 1.0 Transitional//EN"
    "http://www.w3.org/TR/xhtml1/DTD/xhtml1-transitional.dtd">
<html xmlns="http://www.w3.org/1999/xhtml" xml:lang="en" lang="en">
 <head>
  <title>
</title>
<meta http-equiv="Content-Type" content="text/html;charset=utf-8" />
  <meta name='ocr-system' content='tesseract 3.04.00' />
  <meta name='ocr-capabilities' content='ocr_page ocr_carea ocr_par ocr_line ocrx_word'/>
</head>
<body>
  <div class='ocr_page' id='page_1' title='image "./grammaticaceltic00zeusuoft_1092.png"; bbox 0 0 2336 3736; ppageno 0'>
   <div class='ocr_carea' id='block_1_1' title="bbox 270 289 1757 335">
    <p class='ocr_par' dir='ltr' id='par_1_1' title="bbox 270 289 1757 335">
     <span class='ocr_line' id='line_1_1' title="bbox 270 289 1757 335; baseline -0.005 0"><span class='ocrx_word' id='word_1_1' title='bbox 270 293 353 335; x_wconf 82' lang='lat'>944</span> <span class='ocrx_word' id='word_1_2' title='bbox 382 292 613 331; x_wconf 78' lang='lat'><strong>(¹¹3⁷·1138)</strong></span> <span class='ocrx_word' id='word_1_3' title='bbox 740 289 815 331; x_wconf 87' lang='lat' dir='ltr'>VI.</span> <span class='ocrx_word' id='word_1_4' title='bbox 849 289 887 331; x_wconf 80' lang='lat'>2.</span> <span class='ocrx_word' id='word_1_5' title='bbox 929 298 1245 330; x_wconf 68' lang='lat' dir='ltr'>consruuc&#39;rro</span> <span class='ocrx_word' id='word_1_6' title='bbox 1275 299 1469 330; x_wconf 72' lang='lat' dir='ltr'>PoEch</span> <span class='ocrx_word' id='word_1_7' title='bbox 1499 297 1757 328; x_wconf 73' lang='lat' dir='ltr'>nrssssch.</span> 
     </span>
    </p>
   </div>
   <div class='ocr_carea' id='block_1_2' title="bbox 269 406 2236 536">
    <p class='ocr_par' dir='ltr' id='par_1_2' title="bbox 269 406 2236 536">
     <span class='ocr_line' id='line_1_2' title="bbox 271 406 2236 470; baseline -0.004 -14"><span class='ocrx_word' id='word_1_8' title='bbox 271 414 404 470; x_wconf 87' lang='lat' dir='ltr'>gistro</span> <span class='ocrx_word' id='word_1_9' title='bbox 428 412 695 463; x_wconf 82' lang='lat' dir='ltr'>Columbani,</span> <span class='ocrx_word' id='word_1_10' title='bbox 726 411 961 454; x_wconf 87' lang='lat' dir='ltr'>fundatoris</span> <span class='ocrx_word' id='word_1_11' title='bbox 992 410 1346 454; x_wconf 87' lang='lat' dir='ltr'>monasteriorum</span> <span class='ocrx_word' id='word_1_12' title='bbox 1377 410 1421 452; x_wconf 89' lang='lat' dir='ltr'>in</span> <span class='ocrx_word' id='word_1_13' title='bbox 1449 418 1562 454; x_wconf 86' lang='lat' dir='ltr'>terra</span> <span class='ocrx_word' id='word_1_14' title='bbox 1595 409 1843 461; x_wconf 86' lang='lat' dir='ltr'>continenti,</span> <span class='ocrx_word' id='word_1_15' title='bbox 1875 415 1922 451; x_wconf 90' lang='lat' dir='ltr'>ut</span> <span class='ocrx_word' id='word_1_16' title='bbox 1949 408 2077 450; x_wconf 79' lang='lat' dir='ltr'><strong>refert</strong></span> <span class='ocrx_word' id='word_1_17' title='bbox 2105 406 2236 449; x_wconf 76' lang='lat' dir='ltr'>Ionas</span> 
     </span>
     <span class='ocr_line' id='line_1_3' title="bbox 269 473 2235 536; baseline -0.004 -12"><span class='ocrx_word' id='word_1_18' title='bbox 269 481 520 536; x_wconf 83' lang='lat' dir='ltr'>Bobiensis)</span> <span class='ocrx_word' id='word_1_19' title='bbox 553 495 687 536; x_wconf 87' lang='lat' dir='ltr'>usque</span> <span class='ocrx_word' id='word_1_20' title='bbox 719 479 772 522; x_wconf 89' lang='lat' dir='ltr'>ad</span> <span class='ocrx_word' id='word_1_21' title='bbox 797 478 1054 531; x_wconf 81' lang='lat' dir='ltr'>Cronanum,</span> <span class='ocrx_word' id='word_1_22' title='bbox 1087 479 1156 535; x_wconf 90' lang='lat' dir='ltr'>qui</span> <span class='ocrx_word' id='word_1_23' title='bbox 1191 478 1272 520; x_wconf 87' lang='lat' dir='ltr'>fuit</span> <span class='ocrx_word' id='word_1_24' title='bbox 1303 477 1418 520; x_wconf 87' lang='lat' dir='ltr'>circa</span> <span class='ocrx_word' id='word_1_25' title='bbox 1444 479 1628 520; x_wconf 89' lang='lat' dir='ltr'>medium</span> <span class='ocrx_word' id='word_1_26' title='bbox 1662 477 1879 519; x_wconf 85' lang='lat' dir='ltr'>saeculum</span> <span class='ocrx_word' id='word_1_27' title='bbox 1910 475 2130 532; x_wconf 87' lang='lat' dir='ltr'>septimum</span> <span class='ocrx_word' id='word_1_28' title='bbox 2162 473 2235 528; x_wconf 78' lang='lat' dir='ltr'>(cf,</span> 
     </span>
    </p>
   </div>
   <div class='ocr_carea' id='block_1_3' title="bbox 270 546 973 604">
    <p class='ocr_par' dir='ltr' id='par_1_3' title="bbox 270 546 973 604">
     <span class='ocr_line' id='line_1_4' title="bbox 270 546 973 604; baseline -0.006 -13"><span class='ocrx_word' id='word_1_29' title='bbox 270 547 424 591; x_wconf 87' lang='lat' dir='ltr'>Murat.</span> <span class='ocrx_word' id='word_1_30' title='bbox 457 547 587 604; x_wconf 87' lang='lat' dir='ltr'>praef.</span> <span class='ocrx_word' id='word_1_31' title='bbox 619 562 690 602; x_wconf 88' lang='lat' dir='ltr'>pp.</span> <span class='ocrx_word' id='word_1_32' title='bbox 726 547 818 588; x_wconf 73' lang='lat'>124.</span> <span class='ocrx_word' id='word_1_33' title='bbox 855 546 973 601; x_wconf 72' lang='lat'>1⁶25):</span> 
     </span>
    </p>
   </div>
   <div class='ocr_carea' id='block_1_4' title="bbox 469 622 1932 863">
    <p class='ocr_par' dir='ltr' id='par_1_4' title="bbox 469 622 1932 863">
     <span class='ocr_line' id='line_1_5' title="bbox 474 622 1903 675; baseline -0.003 -11"><span class='ocrx_word' id='word_1_34' title='bbox 474 629 477 670; x_wconf 82' lang='grc' dir='ltr'>Ι</span> <span class='ocrx_word' id='word_1_35' title='bbox 508 626 666 664; x_wconf 86' lang='lat' dir='ltr'>Amavit</span> <span class='ocrx_word' id='word_1_36' title='bbox 695 630 700 674; x_wconf 99' lang='grc' dir='ltr'>Ι</span> <span class='ocrx_word' id='word_1_37' title='bbox 730 625 908 663; x_wconf 86' lang='lat' dir='ltr'>Christus</span> <span class='ocrx_word' id='word_1_38' title='bbox 939 633 943 667; x_wconf 85' lang='grc' dir='ltr'>Ι</span> <span class='ocrx_word' id='word_1_39' title='bbox 974 623 1276 674; x_wconf 82' lang='lat' dir='ltr'>Comgillum‚</span> <span class='ocrx_word' id='word_1_40' title='bbox 1309 628 1323 675; x_wconf 91' lang='grc' dir='ltr'>ΙΙ</span> <span class='ocrx_word' id='word_1_41' title='bbox 1352 624 1452 661; x_wconf 86' lang='lat' dir='ltr'>bene</span> <span class='ocrx_word' id='word_1_42' title='bbox 1481 627 1519 661; x_wconf 88' lang='lat' dir='ltr'>et</span> <span class='ocrx_word' id='word_1_43' title='bbox 1550 625 1553 669; x_wconf 96' lang='grc' dir='ltr'>Ι</span> <span class='ocrx_word' id='word_1_44' title='bbox 1584 623 1668 673; x_wconf 90' lang='lat' dir='ltr'>ipse</span> <span class='ocrx_word' id='word_1_45' title='bbox 1697 622 1903 670; x_wconf 80' lang='lat' dir='ltr'>dominum,</span> 
     </span>
     <span class='ocr_line' id='line_1_6' title="bbox 473 684 1878 738; baseline -0.004 -12"><span class='ocrx_word' id='word_1_46' title='bbox 473 701 597 726; x_wconf 83' lang='lat' dir='ltr'>carum</span> <span class='ocrx_word' id='word_1_47' title='bbox 618 690 631 731; x_wconf 84' lang='grc' dir='ltr'>-Ι</span> <span class='ocrx_word' id='word_1_48' title='bbox 663 687 799 726; x_wconf 85' lang='lat' dir='ltr'>habuit</span> <span class='ocrx_word' id='word_1_49' title='bbox 826 687 1113 738; x_wconf 80' lang='lat' dir='ltr'>Beognoum,</span> <span class='ocrx_word' id='word_1_50' title='bbox 1147 687 1162 733; x_wconf 92' lang='grc' dir='ltr'>ΙΙ</span> <span class='ocrx_word' id='word_1_51' title='bbox 1193 686 1372 724; x_wconf 81' lang='lat' dir='ltr'>domnum</span> <span class='ocrx_word' id='word_1_52' title='bbox 1403 689 1407 733; x_wconf 97' lang='grc' dir='ltr'>Ι</span> <span class='ocrx_word' id='word_1_53' title='bbox 1437 686 1588 724; x_wconf 83' lang='lat' dir='ltr'>ornavit</span> <span class='ocrx_word' id='word_1_54' title='bbox 1618 687 1623 729; x_wconf 88' lang='grc' dir='ltr'>Ι</span> <span class='ocrx_word' id='word_1_55' title='bbox 1652 684 1878 732; x_wconf 79' lang='lat' dir='ltr'>Aedeum,</span> 
     </span>
     <span class='ocr_line' id='line_1_7' title="bbox 473 747 1932 801; baseline -0.003 -13"><span class='ocrx_word' id='word_1_56' title='bbox 473 751 589 801; x_wconf 83' lang='lat' dir='ltr'>elegit</span> <span class='ocrx_word' id='word_1_57' title='bbox 619 753 622 797; x_wconf 82' lang='grc' dir='ltr'>Ι</span> <span class='ocrx_word' id='word_1_58' title='bbox 654 755 825 788; x_wconf 81' lang='lat' dir='ltr'>sanctum</span> <span class='ocrx_word' id='word_1_59' title='bbox 856 747 860 791; x_wconf 79' lang='grc' dir='ltr'>Ι</span> <span class='ocrx_word' id='word_1_60' title='bbox 892 749 1167 797; x_wconf 67' lang='lat' dir='ltr'>Sifflanum,</span> <span class='ocrx_word' id='word_1_61' title='bbox 1198 749 1215 800; x_wconf 90' lang='grc' dir='ltr'>ΙΙ</span> <span class='ocrx_word' id='word_1_62' title='bbox 1243 748 1429 786; x_wconf 75' lang='lat' dir='ltr'>famosum</span> <span class='ocrx_word' id='word_1_63' title='bbox 1460 748 1465 792; x_wconf 88' lang='grc' dir='ltr'>Ι</span> <span class='ocrx_word' id='word_1_64' title='bbox 1493 747 1629 785; x_wconf 90' lang='lat' dir='ltr'>mundi</span> <span class='ocrx_word' id='word_1_65' title='bbox 1660 751 1664 791; x_wconf 92' lang='grc' dir='ltr'>Ι</span> <span class='ocrx_word' id='word_1_66' title='bbox 1694 747 1932 797; x_wconf 83' lang='lat' dir='ltr'>magistrum,</span> 
     </span>
     <span class='ocr_line' id='line_1_8' title="bbox 469 810 1697 863; baseline -0.002 -12"><span class='ocrx_word' id='word_1_67' title='bbox 469 826 565 863; x_wconf 87' lang='lat' dir='ltr'>quos</span> <span class='ocrx_word' id='word_1_68' title='bbox 597 812 600 856; x_wconf 83' lang='lat' dir='ltr'>i</span> <span class='ocrx_word' id='word_1_69' title='bbox 632 813 856 851; x_wconf 77' lang='lat' dir='ltr'>convocavit</span> <span class='ocrx_word' id='word_1_70' title='bbox 882 812 1057 852; x_wconf 78' lang='lat' dir='ltr'>dominus</span> <span class='ocrx_word' id='word_1_71' title='bbox 1085 816 1101 861; x_wconf 94' lang='grc' dir='ltr'>ΙΙ</span> <span class='ocrx_word' id='word_1_72' title='bbox 1135 819 1140 863; x_wconf 93' lang='grc' dir='ltr'>Ι</span> <span class='ocrx_word' id='word_1_73' title='bbox 1173 811 1367 850; x_wconf 87' lang='lat' dir='ltr'>caelorum</span> <span class='ocrx_word' id='word_1_74' title='bbox 1395 811 1505 861; x_wconf 87' lang='lat' dir='ltr'>regni</span> <span class='ocrx_word' id='word_1_75' title='bbox 1533 810 1697 849; x_wconf 82' lang='lat' dir='ltr'>sedibus.</span> 
     </span>
    </p>
   </div>
   <div class='ocr_carea' id='block_1_5' title="bbox 471 915 1970 1159">
    <p class='ocr_par' dir='ltr' id='par_1_5' title="bbox 471 915 1914 970">
     <span class='ocr_line' id='line_1_9' title="bbox 471 915 1914 970; baseline -0.003 -11"><span class='ocrx_word' id='word_1_76' title='bbox 471 920 633 960; x_wconf 81' lang='lat' dir='ltr'>Gratum</span> <span class='ocrx_word' id='word_1_77' title='bbox 664 920 668 964; x_wconf 84' lang='grc' dir='ltr'>Ι</span> <span class='ocrx_word' id='word_1_78' title='bbox 698 921 791 958; x_wconf 81' lang='lat' dir='ltr'>fecit</span> <span class='ocrx_word' id='word_1_79' title='bbox 818 920 822 966; x_wconf 95' lang='grc' dir='ltr'>Ι</span> <span class='ocrx_word' id='word_1_80' title='bbox 854 920 1170 970; x_wconf 82' lang='lat' dir='ltr'>Fintenapum</span> <span class='ocrx_word' id='word_1_81' title='bbox 1201 922 1217 967; x_wconf 99' lang='grc' dir='ltr'>Η</span> <span class='ocrx_word' id='word_1_82' title='bbox 1247 918 1442 966; x_wconf 80' lang='lat' dir='ltr'>heredem,</span> <span class='ocrx_word' id='word_1_83' title='bbox 1475 915 1480 959; x_wconf 83' lang='grc' dir='ltr'>Ι</span> <span class='ocrx_word' id='word_1_84' title='bbox 1509 918 1661 966; x_wconf 84' lang='lat' dir='ltr'>almum,</span> <span class='ocrx_word' id='word_1_85' title='bbox 1695 919 1698 962; x_wconf 92' lang='grc' dir='ltr'>Ι</span> <span class='ocrx_word' id='word_1_86' title='bbox 1726 917 1914 962; x_wconf 85' lang='lat' dir='ltr'>inclitum,</span> 
     </span>
    </p>

    <p class='ocr_par' dir='ltr' id='par_1_6' title="bbox 472 979 1970 1159">
     <span class='ocr_line' id='line_1_10' title="bbox 475 979 1789 1032; baseline -0.002 -11"><span class='ocrx_word' id='word_1_87' title='bbox 475 987 478 1029; x_wconf 73' lang='grc' dir='ltr'>ξ</span> <span class='ocrx_word' id='word_1_88' title='bbox 507 983 729 1022; x_wconf 74' lang='lat' dir='ltr'><strong>inlustravit</strong></span> <span class='ocrx_word' id='word_1_89' title='bbox 756 982 1111 1031; x_wconf 83' lang='lat' dir='ltr'>Maclaisreum,</span> <span class='ocrx_word' id='word_1_90' title='bbox 1144 980 1160 1026; x_wconf 86' lang='grc' dir='ltr'>Η</span> <span class='ocrx_word' id='word_1_91' title='bbox 1190 985 1305 1032; x_wconf 79' lang='lat' dir='ltr'>caput</span> <span class='ocrx_word' id='word_1_92' title='bbox 1334 982 1338 1026; x_wconf 94' lang='grc' dir='ltr'>Ι</span> <span class='ocrx_word' id='word_1_93' title='bbox 1370 982 1546 1019; x_wconf 75' lang='lat' dir='ltr'>abbatum</span> <span class='ocrx_word' id='word_1_94' title='bbox 1578 979 1581 1023; x_wconf 70' lang='grc' dir='ltr'><strong>ἱ</strong></span> <span class='ocrx_word' id='word_1_95' title='bbox 1611 980 1789 1029; x_wconf 80' lang='lat' dir='ltr'>omnium,</span> 
     </span>
     <span class='ocr_line' id='line_1_11' title="bbox 472 1042 1970 1096; baseline -0.003 -13"><span class='ocrx_word' id='word_1_96' title='bbox 472 1046 650 1096; x_wconf 83' lang='lat' dir='ltr'>lampade</span> <span class='ocrx_word' id='word_1_97' title='bbox 681 1046 686 1082; x_wconf 81' lang='grc' dir='ltr'>Ι</span> <span class='ocrx_word' id='word_1_98' title='bbox 718 1059 826 1084; x_wconf 88' lang='lat' dir='ltr'>sacra</span> <span class='ocrx_word' id='word_1_99' title='bbox 852 1046 947 1085; x_wconf 86' lang='lat' dir='ltr'>Ese</span> <span class='ocrx_word' id='word_1_100' title='bbox 957 1058 1133 1096; x_wconf 79' lang='lat' dir='ltr'>ganum,</span> <span class='ocrx_word' id='word_1_101' title='bbox 1164 1042 1181 1087; x_wconf 84' lang='grc' dir='ltr'>Η</span> <span class='ocrx_word' id='word_1_102' title='bbox 1214 1047 1219 1090; x_wconf 95' lang='grc' dir='ltr'>Ι</span> <span class='ocrx_word' id='word_1_103' title='bbox 1248 1056 1427 1094; x_wconf 81' lang='lat' dir='ltr'>magnum</span> <span class='ocrx_word' id='word_1_104' title='bbox 1457 1050 1459 1091; x_wconf 65' lang='grc' dir='ltr'>ξ</span> <span class='ocrx_word' id='word_1_105' title='bbox 1493 1044 1705 1093; x_wconf 71' lang='lat' dir='ltr'><strong>scripturae</strong></span> <span class='ocrx_word' id='word_1_106' title='bbox 1736 1044 1739 1071; x_wconf 63' lang='grc' dir='ltr'>ἕ</span> <span class='ocrx_word' id='word_1_107' title='bbox 1769 1042 1970 1089; x_wconf 78' lang='lat' dir='ltr'>medicum,</span> 
     </span>
     <span class='ocr_line' id='line_1_12' title="bbox 472 1106 1702 1159; baseline -0.002 -13"><span class='ocrx_word' id='word_1_108' title='bbox 472 1121 568 1159; x_wconf 88' lang='lat' dir='ltr'>quos</span> <span class='ocrx_word' id='word_1_109' title='bbox 634 1110 860 1147; x_wconf 78' lang='lat' dir='ltr'>convocavit</span> <span class='ocrx_word' id='word_1_110' title='bbox 886 1108 1062 1158; x_wconf 83' lang='lat' dir='ltr'>dominus</span> <span class='ocrx_word' id='word_1_111' title='bbox 1092 1107 1108 1151; x_wconf 80' lang='grc' dir='ltr'>ΙΙ</span> <span class='ocrx_word' id='word_1_112' title='bbox 1142 1106 1146 1149; x_wconf 87' lang='grc' dir='ltr'>Ι</span> <span class='ocrx_word' id='word_1_113' title='bbox 1177 1106 1368 1144; x_wconf 87' lang='lat' dir='ltr'>caelorum</span> <span class='ocrx_word' id='word_1_114' title='bbox 1396 1106 1506 1156; x_wconf 80' lang='lat' dir='ltr'>regni</span> <span class='ocrx_word' id='word_1_115' title='bbox 1535 1106 1702 1144; x_wconf 81' lang='lat' dir='ltr'>sedibus.</span> 
     </span>
    </p>
   </div>
   <div class='ocr_carea' id='block_1_6' title="bbox 471 1212 1922 1455">
    <p class='ocr_par' dir='ltr' id='par_1_7' title="bbox 471 1212 1734 1266">
     <span class='ocr_line' id='line_1_13' title="bbox 471 1212 1734 1266; baseline -0.003 -12"><span class='ocrx_word' id='word_1_116' title='bbox 471 1216 592 1255; x_wconf 77' lang='lat' dir='ltr'>Notus</span> <span class='ocrx_word' id='word_1_117' title='bbox 620 1218 678 1255; x_wconf 83' lang='lat' dir='ltr'>vir</span> <span class='ocrx_word' id='word_1_118' title='bbox 706 1222 788 1255; x_wconf 84' lang='lat' dir='ltr'>erat</span> <span class='ocrx_word' id='word_1_119' title='bbox 815 1217 1055 1264; x_wconf 78' lang='lat' dir='ltr'>Beracnus,</span> <span class='ocrx_word' id='word_1_120' title='bbox 1086 1221 1103 1266; x_wconf 91' lang='grc' dir='ltr'>ΙΙ</span> <span class='ocrx_word' id='word_1_121' title='bbox 1132 1218 1289 1253; x_wconf 79' lang='lat' dir='ltr'>ornatus</span> <span class='ocrx_word' id='word_1_122' title='bbox 1319 1218 1359 1252; x_wconf 87' lang='lat' dir='ltr'>et</span> <span class='ocrx_word' id='word_1_123' title='bbox 1388 1212 1391 1255; x_wconf 73' lang='grc' dir='ltr'><strong>ἱ</strong></span> <span class='ocrx_word' id='word_1_124' title='bbox 1423 1213 1734 1262; x_wconf 79' lang='lat' dir='ltr'>Cumiuenus,</span> 
     </span>
    </p>

    <p class='ocr_par' dir='ltr' id='par_1_8' title="bbox 473 1275 1922 1455">
     <span class='ocr_line' id='line_1_14' title="bbox 475 1275 1916 1330; baseline -0.003 -13"><span class='ocrx_word' id='word_1_125' title='bbox 475 1284 606 1330; x_wconf 88' lang='lat' dir='ltr'>pastor</span> <span class='ocrx_word' id='word_1_126' title='bbox 635 1280 638 1324; x_wconf 96' lang='grc' dir='ltr'>Ι</span> <span class='ocrx_word' id='word_1_127' title='bbox 671 1280 905 1318; x_wconf 85' lang='lat' dir='ltr'>Columba</span> <span class='ocrx_word' id='word_1_128' title='bbox 932 1285 935 1329; x_wconf 94' lang='grc' dir='ltr'>Ι</span> <span class='ocrx_word' id='word_1_129' title='bbox 969 1291 1171 1328; x_wconf 79' lang='lat' dir='ltr'>congruus,</span> <span class='ocrx_word' id='word_1_130' title='bbox 1202 1281 1218 1327; x_wconf 97' lang='grc' dir='ltr'>ΙΙ</span> <span class='ocrx_word' id='word_1_131' title='bbox 1251 1276 1409 1327; x_wconf 88' lang='lat' dir='ltr'>querela</span> <span class='ocrx_word' id='word_1_132' title='bbox 1440 1275 1442 1317; x_wconf 64' lang='grc' dir='ltr'>Ξ</span> <span class='ocrx_word' id='word_1_133' title='bbox 1473 1277 1618 1326; x_wconf 82' lang='lat' dir='ltr'>absque</span> <span class='ocrx_word' id='word_1_134' title='bbox 1650 1291 1653 1316; x_wconf 85' lang='grc' dir='ltr'>ι</span> <span class='ocrx_word' id='word_1_135' title='bbox 1683 1276 1916 1323; x_wconf 77' lang='lat' dir='ltr'>Adianus,</span> 
     </span>
     <span class='ocr_line' id='line_1_15' title="bbox 473 1337 1922 1397; baseline -0.004 -16"><span class='ocrx_word' id='word_1_136' title='bbox 473 1347 597 1381; x_wconf 84' lang='lat' dir='ltr'>rector</span> <span class='ocrx_word' id='word_1_137' title='bbox 629 1350 633 1391; x_wconf 92' lang='grc' dir='ltr'>Ι</span> <span class='ocrx_word' id='word_1_138' title='bbox 663 1343 783 1381; x_wconf 73' lang='lat' dir='ltr'>bonus</span> <span class='ocrx_word' id='word_1_139' title='bbox 816 1352 820 1397; x_wconf 93' lang='grc' dir='ltr'>Ι</span> <span class='ocrx_word' id='word_1_140' title='bbox 850 1339 1133 1389; x_wconf 78' lang='lat' dir='ltr'>Baithenus,</span> <span class='ocrx_word' id='word_1_141' title='bbox 1165 1343 1181 1388; x_wconf 87' lang='grc' dir='ltr'>ΙΙ</span> <span class='ocrx_word' id='word_1_142' title='bbox 1212 1352 1382 1378; x_wconf 78' lang='lat' dir='ltr'>summus</span> <span class='ocrx_word' id='word_1_143' title='bbox 1410 1339 1571 1377; x_wconf 86' lang='lat' dir='ltr'>antistes</span> <span class='ocrx_word' id='word_1_144' title='bbox 1602 1338 1606 1380; x_wconf 88' lang='lat' dir='ltr'>l</span> <span class='ocrx_word' id='word_1_145' title='bbox 1637 1337 1922 1385; x_wconf 53' lang='lat' dir='ltr'>Crotanusfl*</span> 
     </span>
     <span class='ocr_line' id='line_1_16' title="bbox 473 1401 1703 1455; baseline -0.005 -12"><span class='ocrx_word' id='word_1_146' title='bbox 473 1417 569 1455; x_wconf 83' lang='lat' dir='ltr'>quos</span> <span class='ocrx_word' id='word_1_147' title='bbox 600 1411 603 1455; x_wconf 95' lang='grc' dir='ltr'>Ι</span> <span class='ocrx_word' id='word_1_148' title='bbox 634 1404 859 1443; x_wconf 84' lang='lat' dir='ltr'>convocavit</span> <span class='ocrx_word' id='word_1_149' title='bbox 886 1403 1061 1441; x_wconf 77' lang='lat' dir='ltr'>dominus</span> <span class='ocrx_word' id='word_1_150' title='bbox 1083 1402 1107 1447; x_wconf 87' lang='grc' dir='ltr'>,Η</span> <span class='ocrx_word' id='word_1_151' title='bbox 1142 1405 1146 1448; x_wconf 93' lang='grc' dir='ltr'>Ι</span> <span class='ocrx_word' id='word_1_152' title='bbox 1177 1402 1369 1440; x_wconf 81' lang='lat' dir='ltr'>caelorum</span> <span class='ocrx_word' id='word_1_153' title='bbox 1397 1402 1506 1451; x_wconf 83' lang='lat' dir='ltr'>regni</span> <span class='ocrx_word' id='word_1_154' title='bbox 1535 1401 1703 1439; x_wconf 58' lang='lat' dir='ltr'>sedibus.</span> 
     </span>
    </p>
   </div>
   <div class='ocr_carea' id='block_1_7' title="bbox 473 1508 2043 1750">
    <p class='ocr_par' dir='ltr' id='par_1_9' title="bbox 473 1508 1739 1559">
     <span class='ocr_line' id='line_1_17' title="bbox 473 1508 1739 1559; baseline -0.003 -9"><span class='ocrx_word' id='word_1_155' title='bbox 473 1512 609 1550; x_wconf 86' lang='lat' dir='ltr'>Tantis</span> <span class='ocrx_word' id='word_1_156' title='bbox 636 1512 820 1550; x_wconf 83' lang='lat' dir='ltr'>successit</span> <span class='ocrx_word' id='word_1_157' title='bbox 852 1514 855 1559; x_wconf 98' lang='grc' dir='ltr'>Ι</span> <span class='ocrx_word' id='word_1_158' title='bbox 886 1509 1142 1558; x_wconf 81' lang='lat' dir='ltr'>Camanus,</span> <span class='ocrx_word' id='word_1_159' title='bbox 1174 1515 1192 1559; x_wconf 93' lang='grc' dir='ltr'>ΙΙ</span> <span class='ocrx_word' id='word_1_160' title='bbox 1223 1509 1283 1546; x_wconf 87' lang='lat' dir='ltr'>vir</span> <span class='ocrx_word' id='word_1_161' title='bbox 1314 1511 1316 1554; x_wconf 92' lang='grc' dir='ltr'>Ι</span> <span class='ocrx_word' id='word_1_162' title='bbox 1347 1508 1525 1546; x_wconf 82' lang='lat' dir='ltr'>amabilis</span> <span class='ocrx_word' id='word_1_163' title='bbox 1551 1508 1739 1546; x_wconf 77' lang='lat' dir='ltr'>omnibus.</span> 
     </span>
    </p>

    <p class='ocr_par' dir='ltr' id='par_1_10' title="bbox 474 1569 2043 1689">
     <span class='ocr_line' id='line_1_18' title="bbox 476 1569 2043 1625; baseline -0.004 -12"><span class='ocrx_word' id='word_1_164' title='bbox 476 1578 479 1622; x_wconf 97' lang='grc' dir='ltr'>Ι</span> <span class='ocrx_word' id='word_1_165' title='bbox 511 1575 664 1613; x_wconf 88' lang='lat' dir='ltr'>Christo</span> <span class='ocrx_word' id='word_1_166' title='bbox 692 1587 794 1612; x_wconf 88' lang='lat' dir='ltr'>nuuc</span> <span class='ocrx_word' id='word_1_167' title='bbox 824 1580 841 1625; x_wconf 78' lang='grc' dir='ltr'>Ι,</span> <span class='ocrx_word' id='word_1_168' title='bbox 859 1575 967 1612; x_wconf 89' lang='lat' dir='ltr'>sedet</span> <span class='ocrx_word' id='word_1_169' title='bbox 996 1576 1001 1619; x_wconf 93' lang='grc' dir='ltr'>Ι</span> <span class='ocrx_word' id='word_1_170' title='bbox 1031 1584 1243 1623; x_wconf 68' lang='lat' dir='ltr'>supremus,</span> <span class='ocrx_word' id='word_1_171' title='bbox 1275 1573 1291 1619; x_wconf 95' lang='grc' dir='ltr'>Η</span> <span class='ocrx_word' id='word_1_172' title='bbox 1320 1571 1484 1622; x_wconf 83' lang='lat' dir='ltr'>hymnos</span> <span class='ocrx_word' id='word_1_173' title='bbox 1515 1570 1518 1613; x_wconf 75' lang='grc' dir='ltr'>ξ</span> <span class='ocrx_word' id='word_1_174' title='bbox 1550 1583 1690 1608; x_wconf 80' lang='lat' dir='ltr'>canens</span> <span class='ocrx_word' id='word_1_175' title='bbox 1722 1575 1726 1620; x_wconf 85' lang='grc' dir='ltr'>Ι</span> <span class='ocrx_word' id='word_1_176' title='bbox 1755 1569 2043 1619; x_wconf 76' lang='lat' dir='ltr'>quindecimus,</span> 
     </span>
     <span class='ocr_line' id='line_1_19' title="bbox 474 1632 1825 1689; baseline -0.004 -14"><span class='ocrx_word' id='word_1_177' title='bbox 474 1650 570 1676; x_wconf 86' lang='lat' dir='ltr'>zoen</span> <span class='ocrx_word' id='word_1_178' title='bbox 598 1642 641 1675; x_wconf 85' lang='lat' dir='ltr'>ut</span> <span class='ocrx_word' id='word_1_179' title='bbox 669 1645 672 1689; x_wconf 93' lang='grc' dir='ltr'>Ι</span> <span class='ocrx_word' id='word_1_180' title='bbox 703 1643 836 1687; x_wconf 79' lang='lat' dir='ltr'>carpat</span> <span class='ocrx_word' id='word_1_181' title='bbox 865 1641 869 1684; x_wconf 94' lang='grc' dir='ltr'>Ι</span> <span class='ocrx_word' id='word_1_182' title='bbox 901 1636 1176 1683; x_wconf 74' lang='lat' dir='ltr'>Cronanus,</span> <span class='ocrx_word' id='word_1_183' title='bbox 1207 1640 1224 1686; x_wconf 89' lang='grc' dir='ltr'>ΙΙ</span> <span class='ocrx_word' id='word_1_184' title='bbox 1258 1641 1263 1688; x_wconf 91' lang='grc' dir='ltr'>Ι</span> <span class='ocrx_word' id='word_1_185' title='bbox 1293 1638 1495 1672; x_wconf 86' lang='lat' dir='ltr'>conservet</span> <span class='ocrx_word' id='word_1_186' title='bbox 1523 1645 1611 1670; x_wconf 86' lang='lat' dir='ltr'>eum</span> <span class='ocrx_word' id='word_1_187' title='bbox 1639 1632 1825 1680; x_wconf 73' lang='lat' dir='ltr'>dominus,</span> 
     </span>
    </p>

    <p class='ocr_par' dir='ltr' id='par_1_11' title="bbox 476 1695 1748 1750">
     <span class='ocr_line' id='line_1_20' title="bbox 476 1695 1748 1750; baseline -0.004 -12"><span class='ocrx_word' id='word_1_188' title='bbox 476 1713 572 1750; x_wconf 86' lang='lat' dir='ltr'>quos</span> <span class='ocrx_word' id='word_1_189' title='bbox 583 1700 622 1718; x_wconf 48' lang='grc' dir='ltr'>Η</span> <span class='ocrx_word' id='word_1_190' title='bbox 653 1702 658 1748; x_wconf 98' lang='grc' dir='ltr'>Ι</span> <span class='ocrx_word' id='word_1_191' title='bbox 688 1699 914 1738; x_wconf 77' lang='lat' dir='ltr'>convocabit</span> <span class='ocrx_word' id='word_1_192' title='bbox 941 1699 1116 1737; x_wconf 82' lang='lat' dir='ltr'>dominus</span> <span class='ocrx_word' id='word_1_193' title='bbox 1148 1704 1164 1750; x_wconf 94' lang='grc' dir='ltr'>ΙΙ</span> <span class='ocrx_word' id='word_1_194' title='bbox 1198 1706 1202 1749; x_wconf 90' lang='grc' dir='ltr'>Ι</span> <span class='ocrx_word' id='word_1_195' title='bbox 1233 1696 1427 1735; x_wconf 85' lang='lat' dir='ltr'>caelorum</span> <span class='ocrx_word' id='word_1_196' title='bbox 1455 1695 1563 1746; x_wconf 82' lang='lat' dir='ltr'>regni</span> <span class='ocrx_word' id='word_1_197' title='bbox 1591 1696 1748 1734; x_wconf 81' lang='lat' dir='ltr'>sedibus</span> 
     </span>
    </p>
   </div>
   <div class='ocr_carea' id='block_1_8' title="bbox 273 1768 2245 2895">
    <p class='ocr_par' dir='ltr' id='par_1_12' title="bbox 273 1768 2245 2297">
     <span class='ocr_line' id='line_1_21' title="bbox 387 1768 2241 1831; baseline -0.004 -13"><span class='ocrx_word' id='word_1_198' title='bbox 387 1776 582 1831; x_wconf 83' lang='lat' dir='ltr'>Apparet</span> <span class='ocrx_word' id='word_1_199' title='bbox 596 1775 921 1817; x_wconf 72' lang='lat' dir='ltr'>consonantiam</span> <span class='ocrx_word' id='word_1_200' title='bbox 936 1779 1105 1828; x_wconf 84' lang='lat' dir='ltr'>praeter</span> <span class='ocrx_word' id='word_1_201' title='bbox 1124 1772 1295 1814; x_wconf 87' lang='lat' dir='ltr'>finalem</span> <span class='ocrx_word' id='word_1_202' title='bbox 1317 1771 1605 1813; x_wconf 75' lang='lat' dir='ltr'>continuatam</span> <span class='ocrx_word' id='word_1_203' title='bbox 1625 1771 1842 1812; x_wconf 72' lang='lat' dir='ltr'>lateralem</span> <span class='ocrx_word' id='word_1_204' title='bbox 1858 1785 2026 1827; x_wconf 90' lang='lat' dir='ltr'>quoque</span> <span class='ocrx_word' id='word_1_205' title='bbox 2046 1768 2241 1821; x_wconf 83' lang='lat' dir='ltr'>inveniri,</span> 
     </span>
     <span class='ocr_line' id='line_1_22' title="bbox 274 1836 2243 1899; baseline -0.004 -13"><span class='ocrx_word' id='word_1_206' title='bbox 274 1844 384 1886; x_wconf 89' lang='lat' dir='ltr'>sicut</span> <span class='ocrx_word' id='word_1_207' title='bbox 414 1844 458 1885; x_wconf 88' lang='lat' dir='ltr'>in</span> <span class='ocrx_word' id='word_1_208' title='bbox 486 1843 626 1899; x_wconf 89' lang='lat' dir='ltr'>priore</span> <span class='ocrx_word' id='word_1_209' title='bbox 657 1843 856 1885; x_wconf 80' lang='lat' dir='ltr'>carmine.</span> <span class='ocrx_word' id='word_1_210' title='bbox 907 1842 959 1884; x_wconf 89' lang='lat' dir='ltr'>In</span> <span class='ocrx_word' id='word_1_211' title='bbox 991 1848 1167 1896; x_wconf 89' lang='lat' dir='ltr'>utroque</span> <span class='ocrx_word' id='word_1_212' title='bbox 1197 1839 1328 1894; x_wconf 89' lang='lat' dir='ltr'>igitur</span> <span class='ocrx_word' id='word_1_213' title='bbox 1357 1837 1505 1880; x_wconf 85' lang='lat' dir='ltr'>horum</span> <span class='ocrx_word' id='word_1_214' title='bbox 1526 1854 1602 1893; x_wconf 87' lang='lat' dir='ltr'>per</span> <span class='ocrx_word' id='word_1_215' title='bbox 1641 1838 1785 1894; x_wconf 83' lang='lat' dir='ltr'>plures</span> <span class='ocrx_word' id='word_1_216' title='bbox 1816 1852 1966 1880; x_wconf 86' lang='lat' dir='ltr'>versus</span> <span class='ocrx_word' id='word_1_217' title='bbox 1998 1836 2243 1879; x_wconf 86' lang='lat' dir='ltr'>continuata</span> 
     </span>
     <span class='ocr_line' id='line_1_23' title="bbox 274 1902 2240 1968; baseline -0.005 -15"><span class='ocrx_word' id='word_1_218' title='bbox 274 1910 482 1968; x_wconf 86' lang='lat' dir='ltr'>reperitur</span> <span class='ocrx_word' id='word_1_219' title='bbox 511 1925 597 1952; x_wconf 89' lang='lat' dir='ltr'>una</span> <span class='ocrx_word' id='word_1_220' title='bbox 628 1910 907 1952; x_wconf 79' lang='lat' dir='ltr'>consonantia</span> <span class='ocrx_word' id='word_1_221' title='bbox 935 1909 1090 1960; x_wconf 84' lang='lat' dir='ltr'>finalis,</span> <span class='ocrx_word' id='word_1_222' title='bbox 1120 1921 1239 1949; x_wconf 90' lang='lat' dir='ltr'>more</span> <span class='ocrx_word' id='word_1_223' title='bbox 1258 1920 1345 1948; x_wconf 91' lang='lat' dir='ltr'>non</span> <span class='ocrx_word' id='word_1_224' title='bbox 1367 1906 1521 1947; x_wconf 83' lang='lat' dir='ltr'>usitato</span> <span class='ocrx_word' id='word_1_225' title='bbox 1545 1905 1627 1947; x_wconf 86' lang='lat' dir='ltr'>nisi</span> <span class='ocrx_word' id='word_1_226' title='bbox 1660 1906 1702 1946; x_wconf 86' lang='lat' dir='ltr'>in</span> <span class='ocrx_word' id='word_1_227' title='bbox 1725 1905 1981 1948; x_wconf 74' lang='lat' dir='ltr'>carminibus</span> <span class='ocrx_word' id='word_1_228' title='bbox 2005 1902 2240 1947; x_wconf 85' lang='lat' dir='ltr'>cambricis.</span> 
     </span>
     <span class='ocr_line' id='line_1_24' title="bbox 273 1972 2243 2035; baseline -0.005 -14"><span class='ocrx_word' id='word_1_229' title='bbox 273 1978 357 2021; x_wconf 87' lang='lat' dir='ltr'>Per</span> <span class='ocrx_word' id='word_1_230' title='bbox 385 1978 609 2035; x_wconf 86' lang='lat' dir='ltr'>pauciores</span> <span class='ocrx_word' id='word_1_231' title='bbox 647 1991 748 2019; x_wconf 86' lang='lat' dir='ltr'>vero</span> <span class='ocrx_word' id='word_1_232' title='bbox 788 1992 939 2019; x_wconf 83' lang='lat' dir='ltr'>versus</span> <span class='ocrx_word' id='word_1_233' title='bbox 970 1976 1039 2018; x_wconf 87' lang='lat' dir='ltr'>vel</span> <span class='ocrx_word' id='word_1_234' title='bbox 1068 1973 1338 2017; x_wconf 78' lang='lat' dir='ltr'>hemistichia</span> <span class='ocrx_word' id='word_1_235' title='bbox 1376 1974 1502 2016; x_wconf 88' lang='lat' dir='ltr'>etiam</span> <span class='ocrx_word' id='word_1_236' title='bbox 1533 1973 1577 2014; x_wconf 90' lang='lat' dir='ltr'>in</span> <span class='ocrx_word' id='word_1_237' title='bbox 1607 1972 1840 2015; x_wconf 77' lang='lat' dir='ltr'>hibernicis</span> <span class='ocrx_word' id='word_1_238' title='bbox 1870 1973 1982 2015; x_wconf 87' lang='lat' dir='ltr'>haud</span> <span class='ocrx_word' id='word_1_239' title='bbox 2013 1987 2108 2014; x_wconf 88' lang='lat' dir='ltr'>raro</span> <span class='ocrx_word' id='word_1_240' title='bbox 2141 1985 2243 2013; x_wconf 90' lang='lat' dir='ltr'>con-</span> 
     </span>
     <span class='ocr_line' id='line_1_25' title="bbox 274 2036 2242 2101; baseline -0.006 -13"><span class='ocrx_word' id='word_1_241' title='bbox 274 2046 438 2088; x_wconf 88' lang='lat' dir='ltr'>tinuata</span> <span class='ocrx_word' id='word_1_242' title='bbox 481 2045 554 2101; x_wconf 87' lang='lat' dir='ltr'>(cf.</span> <span class='ocrx_word' id='word_1_243' title='bbox 587 2060 627 2101; x_wconf 85' lang='lat' dir='ltr'>p.</span> <span class='ocrx_word' id='word_1_244' title='bbox 659 2044 763 2099; x_wconf 83' lang='lat'>937)</span> <span class='ocrx_word' id='word_1_245' title='bbox 804 2051 870 2087; x_wconf 88' lang='lat' dir='ltr'>est</span> <span class='ocrx_word' id='word_1_246' title='bbox 899 2043 1200 2095; x_wconf 79' lang='lat' dir='ltr'>consonantia,</span> <span class='ocrx_word' id='word_1_247' title='bbox 1242 2048 1290 2083; x_wconf 91' lang='lat' dir='ltr'>ut</span> <span class='ocrx_word' id='word_1_248' title='bbox 1316 2056 1391 2097; x_wconf 90' lang='lat' dir='ltr'>per</span> <span class='ocrx_word' id='word_1_249' title='bbox 1427 2047 1513 2083; x_wconf 88' lang='lat' dir='ltr'>tres</span> <span class='ocrx_word' id='word_1_250' title='bbox 1546 2055 1693 2082; x_wconf 87' lang='lat' dir='ltr'>versus</span> <span class='ocrx_word' id='word_1_251' title='bbox 1735 2039 1987 2083; x_wconf 82' lang='lat' dir='ltr'>Columbani</span> <span class='ocrx_word' id='word_1_252' title='bbox 2026 2039 2087 2095; x_wconf 87' lang='lat' dir='ltr'>(p.</span> <span class='ocrx_word' id='word_1_253' title='bbox 2127 2036 2242 2093; x_wconf 83' lang='lat'>946),</span> 
     </span>
     <span class='ocr_line' id='line_1_26' title="bbox 276 2106 2245 2169; baseline -0.005 -14"><span class='ocrx_word' id='word_1_254' title='bbox 276 2128 351 2169; x_wconf 88' lang='lat' dir='ltr'>per</span> <span class='ocrx_word' id='word_1_255' title='bbox 378 2119 466 2155; x_wconf 88' lang='lat' dir='ltr'>tres</span> <span class='ocrx_word' id='word_1_256' title='bbox 502 2127 653 2155; x_wconf 87' lang='lat' dir='ltr'>versus</span> <span class='ocrx_word' id='word_1_257' title='bbox 694 2112 894 2168; x_wconf 78' lang='lat' dir='ltr'>strophae</span> <span class='ocrx_word' id='word_1_258' title='bbox 936 2111 1109 2167; x_wconf 86' lang='lat' dir='ltr'>quintae</span> <span class='ocrx_word' id='word_1_259' title='bbox 1141 2109 1341 2152; x_wconf 81' lang='lat' dir='ltr'>carminis</span> <span class='ocrx_word' id='word_1_260' title='bbox 1373 2108 1465 2151; x_wconf 90' lang='lat' dir='ltr'>cod.</span> <span class='ocrx_word' id='word_1_261' title='bbox 1506 2108 1642 2150; x_wconf 87' lang='lat' dir='ltr'>Neob.</span> <span class='ocrx_word' id='word_1_262' title='bbox 1675 2107 1738 2163; x_wconf 87' lang='lat' dir='ltr'>(p.</span> <span class='ocrx_word' id='word_1_263' title='bbox 1773 2108 1821 2149; x_wconf 69' lang='lat'>95.</span> <span class='ocrx_word' id='word_1_264' title='bbox 1842 2106 1895 2161; x_wconf 77' lang='lat'>⁴),</span> <span class='ocrx_word' id='word_1_265' title='bbox 1926 2121 2002 2162; x_wconf 86' lang='lat' dir='ltr'>per</span> <span class='ocrx_word' id='word_1_266' title='bbox 2041 2111 2245 2161; x_wconf 88' lang='lat' dir='ltr'>quaterna</span> 
     </span>
     <span class='ocr_line' id='line_1_27' title="bbox 274 2171 2242 2237; baseline -0.005 -15"><span class='ocrx_word' id='word_1_267' title='bbox 274 2182 461 2223; x_wconf 87' lang='lat' dir='ltr'>membra</span> <span class='ocrx_word' id='word_1_268' title='bbox 489 2180 533 2221; x_wconf 87' lang='lat' dir='ltr'>in</span> <span class='ocrx_word' id='word_1_269' title='bbox 564 2180 750 2237; x_wconf 85' lang='lat' dir='ltr'>strophis</span> <span class='ocrx_word' id='word_1_270' title='bbox 780 2178 1085 2235; x_wconf 85' lang='lat' dir='ltr'>temporalibus</span> <span class='ocrx_word' id='word_1_271' title='bbox 1116 2176 1417 2233; x_wconf 82' lang='lat' dir='ltr'>Antiphonarii</span> <span class='ocrx_word' id='word_1_272' title='bbox 1450 2175 1766 2217; x_wconf 86' lang='lat' dir='ltr'>Benchorensis</span> <span class='ocrx_word' id='word_1_273' title='bbox 1798 2173 1885 2228; x_wconf 88' lang='lat' dir='ltr'>(ed.</span> <span class='ocrx_word' id='word_1_274' title='bbox 1918 2173 2029 2216; x_wconf 88' lang='lat' dir='ltr'>Mur.</span> <span class='ocrx_word' id='word_1_275' title='bbox 2062 2188 2104 2229; x_wconf 88' lang='lat' dir='ltr'>p.</span> <span class='ocrx_word' id='word_1_276' title='bbox 2131 2171 2242 2227; x_wconf 85' lang='lat'>143),</span> 
     </span>
     <span class='ocr_line' id='line_1_28' title="bbox 274 2241 2212 2297; baseline -0.005 -7"><span class='ocrx_word' id='word_1_277' title='bbox 274 2255 335 2290; x_wconf 86' lang='lat' dir='ltr'>ut:</span> <span class='ocrx_word' id='word_1_278' title='bbox 368 2248 561 2289; x_wconf 71' lang='lat' dir='ltr'>altissime</span> <span class='ocrx_word' id='word_1_279' title='bbox 590 2249 743 2290; x_wconf 80' lang='lat' dir='ltr'>lumine</span> <span class='ocrx_word' id='word_1_280' title='bbox 771 2248 934 2289; x_wconf 74' lang='lat' dir='ltr'>nomine</span> <span class='ocrx_word' id='word_1_281' title='bbox 966 2247 1138 2297; x_wconf 80' lang='lat' dir='ltr'>domine,</span> <span class='ocrx_word' id='word_1_282' title='bbox 1173 2246 1338 2286; x_wconf 74' lang='lat' dir='ltr'>tertiam</span> <span class='ocrx_word' id='word_1_283' title='bbox 1368 2243 1623 2285; x_wconf 78' lang='lat' dir='ltr'>clementiam</span> <span class='ocrx_word' id='word_1_284' title='bbox 1650 2249 1890 2297; x_wconf 73' lang='lat' dir='ltr'>perpetuam</span> <span class='ocrx_word' id='word_1_285' title='bbox 1919 2241 2102 2296; x_wconf 67' lang='lat' dir='ltr'>qratiam</span> <span class='ocrx_word' id='word_1_286' title='bbox 2134 2245 2212 2283; x_wconf 86' lang='lat' dir='ltr'>etc.</span> 
     </span>
    </p>

    <p class='ocr_par' dir='ltr' id='par_1_13' title="bbox 276 2306 2245 2573">
     <span class='ocr_line' id='line_1_29' title="bbox 390 2306 2245 2362; baseline -0.005 -6"><span class='ocrx_word' id='word_1_287' title='bbox 390 2314 474 2356; x_wconf 89' lang='lat' dir='ltr'>Per</span> <span class='ocrx_word' id='word_1_288' title='bbox 503 2321 658 2357; x_wconf 87' lang='lat' dir='ltr'>octona</span> <span class='ocrx_word' id='word_1_289' title='bbox 695 2314 766 2356; x_wconf 82' lang='lat' dir='ltr'>vel</span> <span class='ocrx_word' id='word_1_290' title='bbox 797 2314 908 2356; x_wconf 87' lang='lat' dir='ltr'>dena</span> <span class='ocrx_word' id='word_1_291' title='bbox 936 2311 1208 2355; x_wconf 84' lang='lat' dir='ltr'>hemistichia</span> <span class='ocrx_word' id='word_1_292' title='bbox 1238 2310 1508 2353; x_wconf 86' lang='lat' dir='ltr'>continuatur</span> <span class='ocrx_word' id='word_1_293' title='bbox 1538 2309 1820 2352; x_wconf 86' lang='lat' dir='ltr'>consonantia</span> <span class='ocrx_word' id='word_1_294' title='bbox 1848 2307 1990 2350; x_wconf 86' lang='lat' dir='ltr'>finalis</span> <span class='ocrx_word' id='word_1_295' title='bbox 2020 2308 2067 2349; x_wconf 89' lang='lat' dir='ltr'>in</span> <span class='ocrx_word' id='word_1_296' title='bbox 2097 2306 2245 2362; x_wconf 85' lang='lat' dir='ltr'>singu-</span> 
     </span>
     <span class='ocr_line' id='line_1_30' title="bbox 276 2373 2244 2439; baseline -0.004 -16"><span class='ocrx_word' id='word_1_297' title='bbox 276 2382 329 2425; x_wconf 88' lang='lat' dir='ltr'>lis</span> <span class='ocrx_word' id='word_1_298' title='bbox 360 2381 547 2438; x_wconf 80' lang='lat' dir='ltr'>strophis</span> <span class='ocrx_word' id='word_1_299' title='bbox 577 2382 725 2439; x_wconf 86' lang='lat' dir='ltr'>hymni</span> <span class='ocrx_word' id='word_1_300' title='bbox 755 2380 1012 2438; x_wconf 82' lang='lat' dir='ltr'>alphabetici</span> <span class='ocrx_word' id='word_1_301' title='bbox 1044 2380 1089 2422; x_wconf 91' lang='lat' dir='ltr'>in</span> <span class='ocrx_word' id='word_1_302' title='bbox 1121 2377 1163 2420; x_wconf 86' lang='lat' dir='ltr'>S.</span> <span class='ocrx_word' id='word_1_303' title='bbox 1198 2377 1451 2434; x_wconf 82' lang='lat' dir='ltr'>Gomgillum</span> <span class='ocrx_word' id='word_1_304' title='bbox 1494 2378 1690 2420; x_wconf 85' lang='lat' dir='ltr'>abbatem</span> <span class='ocrx_word' id='word_1_305' title='bbox 1721 2376 1911 2418; x_wconf 85' lang='lat' dir='ltr'>eiusdem</span> <span class='ocrx_word' id='word_1_306' title='bbox 1941 2373 2244 2431; x_wconf 85' lang='lat' dir='ltr'>Antiphonarii</span> 
     </span>
     <span class='ocr_line' id='line_1_31' title="bbox 276 2441 2244 2505; baseline -0.005 -13"><span class='ocrx_word' id='word_1_307' title='bbox 276 2450 338 2505; x_wconf 87' lang='lat' dir='ltr'>(p.</span> <span class='ocrx_word' id='word_1_308' title='bbox 374 2449 496 2503; x_wconf 82' lang='lat'>139),</span> <span class='ocrx_word' id='word_1_309' title='bbox 529 2463 704 2504; x_wconf 82' lang='lat' dir='ltr'>quarum</span> <span class='ocrx_word' id='word_1_310' title='bbox 734 2448 941 2505; x_wconf 87' lang='lat' dir='ltr'>quaedam</span> <span class='ocrx_word' id='word_1_311' title='bbox 972 2447 1098 2490; x_wconf 85' lang='lat' dir='ltr'>etiam</span> <span class='ocrx_word' id='word_1_312' title='bbox 1131 2444 1406 2503; x_wconf 85' lang='lat' dir='ltr'>principalem</span> <span class='ocrx_word' id='word_1_313' title='bbox 1428 2445 1612 2487; x_wconf 88' lang='lat' dir='ltr'>litteram</span> <span class='ocrx_word' id='word_1_314' title='bbox 1642 2459 1760 2486; x_wconf 88' lang='lat' dir='ltr'>suam</span> <span class='ocrx_word' id='word_1_315' title='bbox 1792 2442 1921 2499; x_wconf 88' lang='lat' dir='ltr'>(quae</span> <span class='ocrx_word' id='word_1_316' title='bbox 1942 2442 2120 2498; x_wconf 85' lang='lat' dir='ltr'>insuper</span> <span class='ocrx_word' id='word_1_317' title='bbox 2140 2456 2165 2483; x_wconf 91' lang='lat' dir='ltr'>a</span> <span class='ocrx_word' id='word_1_318' title='bbox 2185 2441 2244 2483; x_wconf 87' lang='lat' dir='ltr'>la-</span> 
     </span>
     <span class='ocr_line' id='line_1_32' title="bbox 277 2508 2030 2573; baseline -0.004 -15"><span class='ocrx_word' id='word_1_319' title='bbox 277 2523 367 2559; x_wconf 87' lang='lat' dir='ltr'>tere</span> <span class='ocrx_word' id='word_1_320' title='bbox 399 2515 640 2571; x_wconf 82' lang='lat' dir='ltr'>adhibetur)</span> <span class='ocrx_word' id='word_1_321' title='bbox 670 2515 883 2573; x_wconf 85' lang='lat' dir='ltr'>principio</span> <span class='ocrx_word' id='word_1_322' title='bbox 915 2515 1195 2557; x_wconf 84' lang='lat' dir='ltr'>membrorum</span> <span class='ocrx_word' id='word_1_323' title='bbox 1226 2512 1486 2565; x_wconf 78' lang='lat' dir='ltr'>continuant,</span> <span class='ocrx_word' id='word_1_324' title='bbox 1519 2518 1566 2553; x_wconf 90' lang='lat' dir='ltr'>ut</span> <span class='ocrx_word' id='word_1_325' title='bbox 1596 2511 1795 2567; x_wconf 83' lang='lat' dir='ltr'>strophae</span> <span class='ocrx_word' id='word_1_326' title='bbox 1824 2512 1866 2553; x_wconf 92' lang='lat' dir='ltr'>A</span> <span class='ocrx_word' id='word_1_327' title='bbox 1899 2516 1940 2552; x_wconf 89' lang='lat' dir='ltr'>et</span> <span class='ocrx_word' id='word_1_328' title='bbox 1969 2508 2030 2551; x_wconf 90' lang='lat' dir='ltr'>D:</span> 
     </span>
    </p>

    <p class='ocr_par' dir='ltr' id='par_1_14' title="bbox 651 2588 1795 2704">
     <span class='ocr_line' id='line_1_33' title="bbox 651 2588 1795 2645; baseline -0.007 -11"><span class='ocrx_word' id='word_1_329' title='bbox 651 2596 657 2640; x_wconf 88' lang='grc' dir='ltr'>Ι</span> <span class='ocrx_word' id='word_1_330' title='bbox 685 2594 830 2634; x_wconf 87' lang='lat' dir='ltr'>Audite</span> <span class='ocrx_word' id='word_1_331' title='bbox 857 2597 995 2645; x_wconf 84' lang='lat' dir='ltr'>pantes</span> <span class='ocrx_word' id='word_1_332' title='bbox 1021 2597 1062 2630; x_wconf 84' lang='lat' dir='ltr'>ta</span> <span class='ocrx_word' id='word_1_333' title='bbox 1088 2590 1253 2642; x_wconf 63' lang='lat' dir='ltr'>erga*³**</span> <span class='ocrx_word' id='word_1_334' title='bbox 1283 2594 1302 2640; x_wconf 84' lang='grc' dir='ltr'>ΙΙ</span> <span class='ocrx_word' id='word_1_335' title='bbox 1336 2592 1341 2637; x_wconf 84' lang='grc' dir='ltr'>Ι</span> <span class='ocrx_word' id='word_1_336' title='bbox 1369 2590 1478 2629; x_wconf 83' lang='lat' dir='ltr'>allati</span> <span class='ocrx_word' id='word_1_337' title='bbox 1503 2590 1555 2629; x_wconf 83' lang='lat' dir='ltr'>ad</span> <span class='ocrx_word' id='word_1_338' title='bbox 1584 2597 1588 2640; x_wconf 97' lang='grc' dir='ltr'>Ι</span> <span class='ocrx_word' id='word_1_339' title='bbox 1619 2588 1795 2639; x_wconf 85' lang='lat' dir='ltr'>angelica</span> 
     </span>
     <span class='ocr_line' id='line_1_34' title="bbox 652 2650 1730 2704; baseline -0.007 -8"><span class='ocrx_word' id='word_1_340' title='bbox 652 2656 657 2703; x_wconf 95' lang='grc' dir='ltr'>Ι</span> <span class='ocrx_word' id='word_1_341' title='bbox 687 2655 869 2696; x_wconf 81' lang='lat' dir='ltr'>Athletae</span> <span class='ocrx_word' id='word_1_342' title='bbox 902 2655 979 2704; x_wconf 79' lang='lat' dir='ltr'>dei,</span> <span class='ocrx_word' id='word_1_343' title='bbox 1009 2663 1013 2699; x_wconf 78' lang='grc' dir='ltr'>Ι</span> <span class='ocrx_word' id='word_1_344' title='bbox 1047 2653 1181 2693; x_wconf 81' lang='lat' dir='ltr'>abdita</span> <span class='ocrx_word' id='word_1_345' title='bbox 1211 2660 1227 2704; x_wconf 92' lang='grc' dir='ltr'>ΙΙ</span> <span class='ocrx_word' id='word_1_346' title='bbox 1260 2654 1266 2700; x_wconf 90' lang='grc' dir='ltr'>Ι</span> <span class='ocrx_word' id='word_1_347' title='bbox 1296 2666 1319 2691; x_wconf 90' lang='lat' dir='ltr'>a</span> <span class='ocrx_word' id='word_1_348' title='bbox 1345 2652 1549 2691; x_wconf 82' lang='lat' dir='ltr'>iuventute</span> <span class='ocrx_word' id='word_1_349' title='bbox 1580 2650 1730 2699; x_wconf 84' lang='lat' dir='ltr'>florida,</span> 
     </span>
    </p>

    <p class='ocr_par' dir='ltr' id='par_1_15' title="bbox 651 2713 1820 2835">
     <span class='ocr_line' id='line_1_35' title="bbox 651 2713 1820 2769; baseline -0.006 -11"><span class='ocrx_word' id='word_1_350' title='bbox 651 2718 656 2764; x_wconf 82' lang='grc' dir='ltr'>Ι</span> <span class='ocrx_word' id='word_1_351' title='bbox 687 2719 810 2758; x_wconf 84' lang='lat' dir='ltr'>Aucta</span> <span class='ocrx_word' id='word_1_352' title='bbox 835 2719 875 2757; x_wconf 87' lang='lat' dir='ltr'>iu</span> <span class='ocrx_word' id='word_1_353' title='bbox 904 2718 1003 2769; x_wconf 82' lang='lat' dir='ltr'>legis</span> <span class='ocrx_word' id='word_1_354' title='bbox 1029 2718 1185 2768; x_wconf 86' lang='lat' dir='ltr'>pagina,</span> <span class='ocrx_word' id='word_1_355' title='bbox 1215 2722 1235 2768; x_wconf 78' lang='grc' dir='ltr'>ΙΙ</span> <span class='ocrx_word' id='word_1_356' title='bbox 1269 2724 1272 2766; x_wconf 91' lang='grc' dir='ltr'>Ι</span> <span class='ocrx_word' id='word_1_357' title='bbox 1303 2715 1383 2754; x_wconf 75' lang='lat' dir='ltr'>alta</span> <span class='ocrx_word' id='word_1_358' title='bbox 1409 2715 1532 2753; x_wconf 87' lang='lat' dir='ltr'>sancti</span> <span class='ocrx_word' id='word_1_359' title='bbox 1560 2727 1629 2764; x_wconf 87' lang='lat' dir='ltr'>per</span> <span class='ocrx_word' id='word_1_360' title='bbox 1656 2713 1820 2761; x_wconf 81' lang='lat' dir='ltr'>viscera,</span> 
     </span>
     <span class='ocr_line' id='line_1_36' title="bbox 651 2777 1703 2835; baseline -0.007 -14"><span class='ocrx_word' id='word_1_361' title='bbox 651 2790 656 2835; x_wconf 91' lang='grc' dir='ltr'>Ι</span> <span class='ocrx_word' id='word_1_362' title='bbox 688 2782 789 2832; x_wconf 86' lang='lat' dir='ltr'>Apta</span> <span class='ocrx_word' id='word_1_363' title='bbox 816 2781 905 2827; x_wconf 86' lang='lat' dir='ltr'>fide,</span> <span class='ocrx_word' id='word_1_364' title='bbox 933 2779 1100 2828; x_wconf 85' lang='lat' dir='ltr'>iustitia,</span> <span class='ocrx_word' id='word_1_365' title='bbox 1133 2785 1149 2831; x_wconf 83' lang='grc' dir='ltr'>ΙΙ</span> <span class='ocrx_word' id='word_1_366' title='bbox 1184 2780 1188 2822; x_wconf 78' lang='grc' dir='ltr'>Ι</span> <span class='ocrx_word' id='word_1_367' title='bbox 1223 2779 1275 2817; x_wconf 85' lang='lat' dir='ltr'>ad</span> <span class='ocrx_word' id='word_1_368' title='bbox 1302 2777 1367 2816; x_wconf 87' lang='lat' dir='ltr'>dei</span> <span class='ocrx_word' id='word_1_369' title='bbox 1395 2778 1512 2817; x_wconf 88' lang='lat' dir='ltr'>ducta</span> <span class='ocrx_word' id='word_1_370' title='bbox 1541 2777 1703 2825; x_wconf 73' lang='lat' dir='ltr'>gaudia,</span> 
     </span>
    </p>

    <p class='ocr_par' dir='ltr' id='par_1_16' title="bbox 651 2839 1721 2895">
     <span class='ocr_line' id='line_1_37' title="bbox 651 2839 1721 2895; baseline -0.006 -13"><span class='ocrx_word' id='word_1_371' title='bbox 651 2845 656 2889; x_wconf 80' lang='grc' dir='ltr'>Ι</span> <span class='ocrx_word' id='word_1_372' title='bbox 684 2843 767 2882; x_wconf 88' lang='lat' dir='ltr'>Alti</span> <span class='ocrx_word' id='word_1_373' title='bbox 798 2852 803 2895; x_wconf 87' lang='grc' dir='ltr'>Ι</span> <span class='ocrx_word' id='word_1_374' title='bbox 833 2843 965 2882; x_wconf 80' lang='lat' dir='ltr'>adlata</span> <span class='ocrx_word' id='word_1_375' title='bbox 994 2841 1148 2891; x_wconf 86' lang='lat' dir='ltr'>merita,</span> <span class='ocrx_word' id='word_1_376' title='bbox 1178 2840 1196 2887; x_wconf 82' lang='lat' dir='ltr'>ll</span> <span class='ocrx_word' id='word_1_377' title='bbox 1255 2840 1401 2879; x_wconf 84' lang='lat' dir='ltr'>affatim</span> <span class='ocrx_word' id='word_1_378' title='bbox 1428 2839 1721 2878; x_wconf 85' lang='lat' dir='ltr'>concordantia.</span> 
     </span>
    </p>
   </div>
   <div class='ocr_carea' id='block_1_9' title="bbox 289 2921 556 2929">
    <p class='ocr_par' dir='ltr' id='par_1_17' title="bbox 289 2921 556 2929">
     <span class='ocr_line' id='line_1_38' title="bbox 289 2921 556 2929; baseline 0 807"><span class='ocrx_word' id='word_1_379' title='bbox 289 2921 556 2929; x_wconf 95' lang='lat' dir='ltr'> </span> 
     </span>
    </p>
   </div>
   <div class='ocr_carea' id='block_1_10' title="bbox 278 2944 2246 3495">
    <p class='ocr_par' dir='ltr' id='par_1_18' title="bbox 278 2944 2244 3180">
     <span class='ocr_line' id='line_1_39' title="bbox 370 2944 2244 2997; baseline -0.005 -8"><span class='ocrx_word' id='word_1_380' title='bbox 370 2956 386 2973; x_wconf 80' lang='lat'>⁸</span> <span class='ocrx_word' id='word_1_381' title='bbox 409 2954 527 2989; x_wconf 79' lang='lat' dir='ltr'>Reddo</span> <span class='ocrx_word' id='word_1_382' title='bbox 549 2952 708 2993; x_wconf 77' lang='lat' dir='ltr'>nomina,</span> <span class='ocrx_word' id='word_1_383' title='bbox 744 2951 861 2997; x_wconf 75' lang='lat' dir='ltr'>qualia</span> <span class='ocrx_word' id='word_1_384' title='bbox 891 2950 973 2995; x_wconf 80' lang='lat' dir='ltr'>legit</span> <span class='ocrx_word' id='word_1_385' title='bbox 998 2951 1076 2986; x_wconf 84' lang='lat' dir='ltr'>Am.</span> <span class='ocrx_word' id='word_1_386' title='bbox 1103 2950 1247 2994; x_wconf 81' lang='lat' dir='ltr'>Peyron.</span> <span class='ocrx_word' id='word_1_387' title='bbox 1298 2949 1407 2983; x_wconf 79' lang='lat' dir='ltr'>Aliter</span> <span class='ocrx_word' id='word_1_388' title='bbox 1438 2949 1529 2983; x_wconf 83' lang='lat' dir='ltr'>enim</span> <span class='ocrx_word' id='word_1_389' title='bbox 1555 2947 1636 2991; x_wconf 79' lang='lat' dir='ltr'>legit</span> <span class='ocrx_word' id='word_1_390' title='bbox 1663 2946 1829 2992; x_wconf 81' lang='lat' dir='ltr'>quaedam</span> <span class='ocrx_word' id='word_1_391' title='bbox 1856 2946 2088 2986; x_wconf 72' lang='lat' dir='ltr'>Mur-storius.</span> <span class='ocrx_word' id='word_1_392' title='bbox 2115 2944 2244 2980; x_wconf 80' lang='lat' dir='ltr'>Simla-</span> 
     </span>
     <span class='ocr_line' id='line_1_40' title="bbox 278 2989 2244 3041; baseline -0.004 -6"><span class='ocrx_word' id='word_1_393' title='bbox 278 3012 374 3041; x_wconf 76' lang='lat' dir='ltr'>mmn,</span> <span class='ocrx_word' id='word_1_394' title='bbox 396 2997 647 3039; x_wconf 62' lang='lat' dir='ltr'>Humanum,</span> <span class='ocrx_word' id='word_1_395' title='bbox 676 2995 955 3038; x_wconf 60' lang='lat' dir='ltr'>Macklaahreum,</span> <span class='ocrx_word' id='word_1_396' title='bbox 987 2994 1167 3041; x_wconf 72' lang='lat' dir='ltr'>Sequanm,</span> <span class='ocrx_word' id='word_1_397' title='bbox 1195 2993 1395 3036; x_wconf 66' lang='lat' dir='ltr'>Cumaeam,</span> <span class='ocrx_word' id='word_1_398' title='bbox 1423 2992 1630 3028; x_wconf 59' lang='lat' dir='ltr'>Bautlaerius</span> <span class='ocrx_word' id='word_1_399' title='bbox 1655 3002 1717 3037; x_wconf 86' lang='lat' dir='ltr'>pro</span> <span class='ocrx_word' id='word_1_400' title='bbox 1743 2991 1946 3033; x_wconf 59' lang='lat' dir='ltr'>Balalaenus,</span> <span class='ocrx_word' id='word_1_401' title='bbox 1975 2989 2155 3026; x_wconf 68' lang='lat' dir='ltr'>Cronanua</span> <span class='ocrx_word' id='word_1_402' title='bbox 2181 3001 2244 3036; x_wconf 84' lang='lat' dir='ltr'>pro</span> 
     </span>
     <span class='ocr_line' id='line_1_41' title="bbox 281 3036 2239 3086; baseline -0.005 -6"><span class='ocrx_word' id='word_1_403' title='bbox 281 3045 462 3080; x_wconf 71' lang='lat' dir='ltr'>Grotamcs.</span> <span class='ocrx_word' id='word_1_404' title='bbox 500 3044 549 3079; x_wconf 79' lang='lat' dir='ltr'>Cf.</span> <span class='ocrx_word' id='word_1_405' title='bbox 574 3043 687 3079; x_wconf 83' lang='lat' dir='ltr'>Bedae</span> <span class='ocrx_word' id='word_1_406' title='bbox 719 3042 761 3077; x_wconf 81' lang='grc' dir='ltr'>Η.</span> <span class='ocrx_word' id='word_1_407' title='bbox 786 3042 876 3076; x_wconf 86' lang='lat' dir='ltr'>Eccl.</span> <span class='ocrx_word' id='word_1_408' title='bbox 904 3046 941 3082; x_wconf 78' lang='lat'>2,</span> <span class='ocrx_word' id='word_1_409' title='bbox 971 3044 1028 3076; x_wconf 79' lang='lat'>19:</span> <span class='ocrx_word' id='word_1_410' title='bbox 1059 3041 1242 3083; x_wconf 82' lang='lat' dir='ltr'>(Iohannes</span> <span class='ocrx_word' id='word_1_411' title='bbox 1266 3049 1358 3086; x_wconf 83' lang='lat' dir='ltr'>papa</span> <span class='ocrx_word' id='word_1_412' title='bbox 1381 3050 1411 3074; x_wconf 83' lang='lat' dir='ltr'>a.</span> <span class='ocrx_word' id='word_1_413' title='bbox 1436 3040 1516 3079; x_wconf 85' lang='grc'>640)</span> <span class='ocrx_word' id='word_1_414' title='bbox 1544 3038 1778 3073; x_wconf 80' lang='lat' dir='ltr'>dilectissimis</span> <span class='ocrx_word' id='word_1_415' title='bbox 1813 3039 1848 3072; x_wconf 88' lang='lat' dir='ltr'>et</span> <span class='ocrx_word' id='word_1_416' title='bbox 1878 3036 2106 3072; x_wconf 80' lang='lat' dir='ltr'>sanctissimis</span> <span class='ocrx_word' id='word_1_417' title='bbox 2138 3036 2239 3071; x_wconf 82' lang='lat' dir='ltr'>Tom-</span> 
     </span>
     <span class='ocr_line' id='line_1_42' title="bbox 279 3081 2240 3134; baseline -0.005 -8"><span class='ocrx_word' id='word_1_418' title='bbox 279 3102 381 3134; x_wconf 85' lang='lat' dir='ltr'>cano,</span> <span class='ocrx_word' id='word_1_419' title='bbox 411 3090 640 3131; x_wconf 79' lang='lat' dir='ltr'>Columbano,</span> <span class='ocrx_word' id='word_1_420' title='bbox 675 3088 860 3127; x_wconf 84' lang='lat' dir='ltr'>Cromano,</span> <span class='ocrx_word' id='word_1_421' title='bbox 889 3086 1024 3122; x_wconf 85' lang='lat' dir='ltr'>Dinnao</span> <span class='ocrx_word' id='word_1_422' title='bbox 1054 3090 1090 3121; x_wconf 87' lang='lat' dir='ltr'>et</span> <span class='ocrx_word' id='word_1_423' title='bbox 1125 3085 1296 3121; x_wconf 67' lang='lat' dir='ltr'>Baithana</span> <span class='ocrx_word' id='word_1_424' title='bbox 1328 3085 1515 3130; x_wconf 81' lang='lat' dir='ltr'>episcopis,</span> <span class='ocrx_word' id='word_1_425' title='bbox 1547 3083 1734 3123; x_wconf 78' lang='lat' dir='ltr'>Gromano,</span> <span class='ocrx_word' id='word_1_426' title='bbox 1774 3082 2011 3127; x_wconf 74' lang='lat' dir='ltr'>Erm‘anoque,</span> <span class='ocrx_word' id='word_1_427' title='bbox 2044 3081 2240 3124; x_wconf 82' lang='lat' dir='ltr'>Laistrano,</span> 
     </span>
     <span class='ocr_line' id='line_1_43' title="bbox 279 3128 1957 3180; baseline -0.007 -8"><span class='ocrx_word' id='word_1_428' title='bbox 279 3137 435 3172; x_wconf 85' lang='lat' dir='ltr'>Scellano</span> <span class='ocrx_word' id='word_1_429' title='bbox 459 3138 495 3170; x_wconf 84' lang='lat' dir='ltr'>et</span> <span class='ocrx_word' id='word_1_430' title='bbox 517 3135 650 3180; x_wconf 83' lang='lat' dir='ltr'>cheno</span> <span class='ocrx_word' id='word_1_431' title='bbox 674 3133 896 3178; x_wconf 77' lang='lat' dir='ltr'>presbyteris,</span> <span class='ocrx_word' id='word_1_432' title='bbox 927 3133 1058 3167; x_wconf 81' lang='lat' dir='ltr'>Sarauo</span> <span class='ocrx_word' id='word_1_433' title='bbox 1081 3133 1274 3177; x_wconf 86' lang='lat' dir='ltr'>ceterisque</span> <span class='ocrx_word' id='word_1_434' title='bbox 1297 3130 1495 3166; x_wconf 84' lang='lat' dir='ltr'>doctoribus</span> <span class='ocrx_word' id='word_1_435' title='bbox 1520 3139 1581 3163; x_wconf 89' lang='lat' dir='ltr'>seu</span> <span class='ocrx_word' id='word_1_436' title='bbox 1607 3129 1789 3163; x_wconf 80' lang='lat' dir='ltr'>abbatibus</span> <span class='ocrx_word' id='word_1_437' title='bbox 1815 3128 1957 3162; x_wconf 83' lang='lat' dir='ltr'>Scottis.</span> 
     </span>
    </p>

    <p class='ocr_par' dir='ltr' id='par_1_19' title="bbox 281 3174 2246 3403">
     <span class='ocr_line' id='line_1_44' title="bbox 372 3174 2241 3227; baseline -0.005 -11"><span class='ocrx_word' id='word_1_438' title='bbox 372 3183 406 3201; x_wconf 73' lang='lat'>‘³&#39;</span> <span class='ocrx_word' id='word_1_439' title='bbox 428 3180 628 3227; x_wconf 85' lang='lat' dir='ltr'>Legendum</span> <span class='ocrx_word' id='word_1_440' title='bbox 655 3190 752 3226; x_wconf 77' lang='lat' dir='ltr'>quem</span> <span class='ocrx_word' id='word_1_441' title='bbox 787 3179 830 3213; x_wconf 91' lang='lat' dir='ltr'>ob</span> <span class='ocrx_word' id='word_1_442' title='bbox 859 3178 919 3212; x_wconf 67' lang='lat' dir='ltr'>fut,</span> <span class='ocrx_word' id='word_1_443' title='bbox 945 3178 1162 3219; x_wconf 84' lang='lat' dir='ltr'>convocabit,</span> <span class='ocrx_word' id='word_1_444' title='bbox 1187 3176 1401 3217; x_wconf 83' lang='lat' dir='ltr'>Grouanum,</span> <span class='ocrx_word' id='word_1_445' title='bbox 1433 3185 1534 3220; x_wconf 88' lang='lat' dir='ltr'>quem</span> <span class='ocrx_word' id='word_1_446' title='bbox 1559 3175 1683 3209; x_wconf 81' lang='lat' dir='ltr'>vixisse</span> <span class='ocrx_word' id='word_1_447' title='bbox 1708 3174 1889 3208; x_wconf 82' lang='lat' dir='ltr'>etiamtum</span> <span class='ocrx_word' id='word_1_448' title='bbox 1914 3175 2013 3217; x_wconf 86' lang='lat' dir='ltr'>patet</span> <span class='ocrx_word' id='word_1_449' title='bbox 2037 3184 2056 3207; x_wconf 91' lang='lat' dir='ltr'>e</span> <span class='ocrx_word' id='word_1_450' title='bbox 2081 3174 2241 3208; x_wconf 84' lang='lat' dir='ltr'>versibus</span> 
     </span>
     <span class='ocr_line' id='line_1_45' title="bbox 281 3218 2245 3279; baseline -0.005 -18"><span class='ocrx_word' id='word_1_451' title='bbox 281 3228 434 3272; x_wconf 83' lang='lat' dir='ltr'>proxime</span> <span class='ocrx_word' id='word_1_452' title='bbox 470 3225 772 3279; x_wconf 70' lang='lat' dir='ltr'>antecedentibus:</span> <span class='ocrx_word' id='word_1_453' title='bbox 805 3234 897 3258; x_wconf 82' lang='lat' dir='ltr'>nunc</span> <span class='ocrx_word' id='word_1_454' title='bbox 922 3224 1033 3265; x_wconf 86' lang='lat' dir='ltr'>sedet,</span> <span class='ocrx_word' id='word_1_455' title='bbox 1059 3233 1141 3258; x_wconf 88' lang='lat' dir='ltr'>zoen</span> <span class='ocrx_word' id='word_1_456' title='bbox 1164 3223 1295 3265; x_wconf 81' lang='lat' dir='ltr'>(vitam)</span> <span class='ocrx_word' id='word_1_457' title='bbox 1320 3224 1360 3256; x_wconf 90' lang='lat' dir='ltr'>ut</span> <span class='ocrx_word' id='word_1_458' title='bbox 1384 3223 1523 3265; x_wconf 81' lang='lat' dir='ltr'>carpat,</span> <span class='ocrx_word' id='word_1_459' title='bbox 1555 3222 1734 3254; x_wconf 81' lang='lat' dir='ltr'>conservet</span> <span class='ocrx_word' id='word_1_460' title='bbox 1764 3230 1841 3253; x_wconf 86' lang='lat' dir='ltr'>eum</span> <span class='ocrx_word' id='word_1_461' title='bbox 1874 3219 2043 3253; x_wconf 61' lang='lat' dir='ltr'>dominus.</span> <span class='ocrx_word' id='word_1_462' title='bbox 2100 3218 2245 3263; x_wconf 84' lang='lat' dir='ltr'>Septimi</span> 
     </span>
     <span class='ocr_line' id='line_1_46' title="bbox 285 3271 2246 3359; baseline -0.005 -6"><span class='ocrx_word' id='word_1_463' title='bbox 285 3271 697 3353; x_wconf 36' lang='lat' dir='ltr'>ugituitjafcighyes‘tmhkicc</span> <span class='ocrx_word' id='word_1_464' title='bbox 710 3271 882 3359; x_wconf 47' lang='lat' dir='ltr'>iiiyzgrixyuci.</span> <span class='ocrx_word' id='word_1_465' title='bbox 921 3313 1177 3347; x_wconf 81' lang='lat' dir='ltr'>Eiusdcmmodi</span> <span class='ocrx_word' id='word_1_466' title='bbox 1202 3312 1339 3346; x_wconf 88' lang='lat' dir='ltr'>initium</span> <span class='ocrx_word' id='word_1_467' title='bbox 1363 3314 1416 3346; x_wconf 80' lang='lat' dir='ltr'>est</span> <span class='ocrx_word' id='word_1_468' title='bbox 1440 3311 1559 3356; x_wconf 82' lang='lat' dir='ltr'>hymni</span> <span class='ocrx_word' id='word_1_469' title='bbox 1584 3311 1619 3344; x_wconf 86' lang='lat' dir='ltr'>in</span> <span class='ocrx_word' id='word_1_470' title='bbox 1644 3310 1677 3344; x_wconf 87' lang='lat' dir='ltr'>S.</span> <span class='ocrx_word' id='word_1_471' title='bbox 1709 3310 1876 3354; x_wconf 82' lang='lat' dir='ltr'>Brigitam</span> <span class='ocrx_word' id='word_1_472' title='bbox 1897 3312 1930 3344; x_wconf 84' lang='lat' dir='ltr'>et</span> <span class='ocrx_word' id='word_1_473' title='bbox 1947 3309 1981 3344; x_wconf 77' lang='lat' dir='ltr'>S.</span> <span class='ocrx_word' id='word_1_474' title='bbox 1998 3308 2184 3343; x_wconf 79' lang='lat' dir='ltr'>Patricium</span> <span class='ocrx_word' id='word_1_475' title='bbox 2210 3309 2246 3344; x_wconf 87' lang='lat' dir='ltr'>iu</span> 
     </span>
     <span class='ocr_line' id='line_1_47' title="bbox 284 3359 1209 3403; baseline -0.006 -6"><span class='ocrx_word' id='word_1_476' title='bbox 284 3365 403 3399; x_wconf 74' lang='lat' dir='ltr'>codice</span> <span class='ocrx_word' id='word_1_477' title='bbox 430 3363 607 3398; x_wconf 81' lang='lat' dir='ltr'>hibernico</span> <span class='ocrx_word' id='word_1_478' title='bbox 629 3360 818 3396; x_wconf 87' lang='lat' dir='ltr'>Basileensi</span> <span class='ocrx_word' id='word_1_479' title='bbox 844 3360 900 3401; x_wconf 89' lang='lat' dir='ltr'>(cf.</span> <span class='ocrx_word' id='word_1_480' title='bbox 925 3359 1052 3401; x_wconf 84' lang='lat' dir='ltr'>Keller,</span> <span class='ocrx_word' id='word_1_481' title='bbox 1075 3369 1109 3403; x_wconf 86' lang='lat' dir='ltr'>p.</span> <span class='ocrx_word' id='word_1_482' title='bbox 1136 3361 1209 3399; x_wconf 78' lang='lat'>86):</span> 
     </span>
    </p>

    <p class='ocr_par' dir='ltr' id='par_1_20' title="bbox 806 3401 1703 3495">
     <span class='ocr_line' id='line_1_48' title="bbox 830 3401 1703 3448; baseline -0.009 -7"><span class='ocrx_word' id='word_1_483' title='bbox 830 3407 912 3441; x_wconf 73' lang='lat' dir='ltr'>Alta</span> <span class='ocrx_word' id='word_1_484' title='bbox 931 3405 934 3433; x_wconf 73' lang='grc' dir='ltr'>ἱ</span> <span class='ocrx_word' id='word_1_485' title='bbox 956 3404 1073 3439; x_wconf 81' lang='lat' dir='ltr'>audite</span> <span class='ocrx_word' id='word_1_486' title='bbox 1100 3407 1136 3438; x_wconf 81' lang='lat' dir='ltr'>ta</span> <span class='ocrx_word' id='word_1_487' title='bbox 1157 3404 1160 3445; x_wconf 81' lang='grc' dir='ltr'>Ι</span> <span class='ocrx_word' id='word_1_488' title='bbox 1180 3415 1261 3448; x_wconf 81' lang='lat' dir='ltr'>erga</span> <span class='ocrx_word' id='word_1_489' title='bbox 1281 3403 1297 3447; x_wconf 90' lang='grc' dir='ltr'>ΙΙ</span> <span class='ocrx_word' id='word_1_490' title='bbox 1319 3406 1390 3438; x_wconf 85' lang='lat' dir='ltr'>toto</span> <span class='ocrx_word' id='word_1_491' title='bbox 1408 3402 1411 3423; x_wconf 57' lang='grc' dir='ltr'>Ι</span> <span class='ocrx_word' id='word_1_492' title='bbox 1432 3402 1512 3436; x_wconf 85' lang='lat' dir='ltr'>orbe</span> <span class='ocrx_word' id='word_1_493' title='bbox 1538 3401 1703 3435; x_wconf 76' lang='lat' dir='ltr'>micantia</span> 
     </span>
     <span class='ocr_line' id='line_1_49' title="bbox 806 3449 1331 3495; baseline -0.006 -9"><span class='ocrx_word' id='word_1_494' title='bbox 806 3486 809 3491; x_wconf 86' lang='grc'><strong>,</strong></span> <span class='ocrx_word' id='word_1_495' title='bbox 830 3451 981 3495; x_wconf 77' lang='lat' dir='ltr'>Brigitae</span> <span class='ocrx_word' id='word_1_496' title='bbox 1002 3451 1005 3477; x_wconf 69' lang='lat'><em>³</em></span> <span class='ocrx_word' id='word_1_497' title='bbox 1026 3449 1242 3485; x_wconf 82' lang='lat' dir='ltr'>beatissimae</span> <span class='ocrx_word' id='word_1_498' title='bbox 1266 3452 1331 3483; x_wconf 79' lang='lat' dir='ltr'>etc.</span> 
     </span>
    </p>
   </div>
  </div>
 </body>
</html>
