2336 3736
454 227 507 272 V.
540 230 577 271 1.
619 239 866 272 naemu-10
895 239 1090 272 cneum
1115 241 1175 272 m*
1202 240 1449 273 mnnnmzx
1477 232 1712 273 mximum
1744 232 1837 272 (7⁷3.
1859 233 1939 273 ⁷⁷4)
1989 234 2073 276 807

118 366 213 394 cum
243 351 428 394 dubitari
457 357 652 406 nequeat,
685 351 785 406 quin
819 349 935 394 Gaui
964 351 1138 393 nomina
1166 366 1252 395 uon
1274 352 1408 395 solum
1439 353 1705 411 oppidorum,
1738 355 1813 398 sed
1844 355 1969 398 etiam
2001 355 2074 397 sil-

117 432 263 460 varum
293 419 339 475 in
358 433 562 474 personas
584 418 759 461 deorum
781 418 849 460 vel
869 418 1040 477 dearum
1069 420 1315 473 praesidum
1333 420 1682 474 transformarint,
1713 422 1757 464 id
1779 423 1891 478 quod
1922 423 2076 465 docent

116 485 420 541 inscriptiones
449 485 536 527 illis
567 499 733 528 sacrae:
776 484 855 527 deo
886 484 1102 527 Nemauso
1133 484 1264 528 Orell.
1295 488 1420 530 2032.
1451 489 1583 541 2033,
1615 489 1810 532 Luxovio
1831 489 1959 539 2024,
1990 489 2075 532 Ve-

117 552 231 594 sonti
262 552 384 604 2064,
415 551 587 608 Vosego
616 551 748 604 20723
780 551 884 594 deae
903 550 1093 595 Bibracti
1114 551 1247 595 Orell.
1272 555 1393 608 1973,
1424 553 1599 599 Celeiue
1623 557 1741 609 1982,
1774 557 1928 599 Noreie
1951 557 2074 599 2034.

119 619 242 670 2035,
272 618 495 662 Ardoinne
519 618 640 671 1960,
672 618 883 661 Abnobae
910 618 1027 661 1986.
1058 658 1061 659 γ

230 685 331 727 Alia
361 684 567 740 quaedam
604 700 627 726 e
657 684 814 727 chartis
844 684 914 726 vel
944 684 1064 727 libris
1094 684 1221 726 medii
1253 687 1369 740 aevi,
1401 689 1649 743 praebentia
1677 691 1781 731 -z‘c‘z'cz
1828 690 1934 732 villa
1961 689 2075 732 Mar-

116 750 367 794 tiniacensis
398 749 653 807 (Max-tigny,
695 763 825 807 prope
859 749 1036 793 Tun-om
1070 746 1131 793 ‘in
1163 765 1248 807 qua
1277 752 1446 797 celebre
1474 754 1685 797 ferebatur
1714 757 1885 812 saepius
1925 771 2073 799 orasse

115 811 381 871 Martinum')
414 817 544 873 Greg.
578 818 676 860 Tur.
709 819 761 859 de
791 817 847 873 gl.
879 817 988 861 conf.
1020 832 1058 861 c.
1078 819 1116 860 8.
1145 814 1381 863 ‘Pi-isciaco
1411 819 1456 861 in
1482 836 1595 876 pago
1618 821 1943 865 camiliacense.
1975 823 2077 865 villa

114 884 368 928 Lubariaco.
414 884 649 928 Camiliaco
679 884 775 927 vico
806 878 990 939 publico’
1023 883 1235 940 (Priscus,
1265 886 1474 937 Laba-us,
1508 885 1732 942 Camulus)
1763 889 1896 930 chart.
1926 905 1963 930 a.
1987 890 2069 930 690

115 966 182 1007 ap.
203 949 368 993 Mabill.
401 951 504 1007 dipl.
535 968 575 1008 p.
598 953 693 994 472.
723 945 902 1002 ‘inloca
920 953 1209 1008 nuncupantis
1231 952 1551 1004 Childiiciaeus.
1583 953 1668 995 iam
1701 954 1813 997 dicta
1841 956 1938 998 loca
1958 954 2076 998 Chil-

114 1011 337 1073 driciagas’
380 1016 693 1072 (Childericus)
739 1018 866 1061 chart
908 1033 945 1061 a.
976 1019 1080 1071 709,
1126 1018 1291 1065 Mabffl.
1327 1034 1368 1076 p.
1397 1020 1491 1061 482.
1545 1019 1769 1074 Flaviaco,
1814 1021 2073 1073 Festiniaco,

113 1084 354 1136 Aureliano,
388 1085 662 1128 Pauliniacus
694 1085 738 1126 in
768 1079 907 1127 chart.
935 1100 972 1128 a.
993 1085 1091 1128 832.
1121 1086 1216 1128 884.
1245 1087 1329 1129 960
1356 1101 1425 1143 ap.
1447 1084 1610 1129 Mabill.
1641 1101 1713 1142 pp.
1742 1089 1839 1130 520.
1862 1089 1956 1129 550.
1980 1089 2076 1129 572.

113 1151 404 1209 Propiciacus‚
436 1151 744 1208 Pompeiacum.
775 1152 818 1195 in
849 1152 946 1196 vico
974 1152 1216 1195 Brenniaco
1246 1153 1344 1196 Act.
1375 1151 1455 1196 SS.
1486 1153 1649 1196 Mabill.
1681 1168 1793 1197 saec.
1822 1157 1856 1207 1,
1887 1170 1958 1211 pp.
1980 1156 2076 1196 679.

113 1219 208 1261 680.
258 1217 532 1262 Sedatiacum
562 1220 694 1274 (nom.
726 1234 897 1276 person.
931 1218 1143 1271 sedatius,
1177 1218 1365 1273 Sedatia,
1397 1235 1440 1276 p.
1463 1219 1581 1274 797),
1612 1219 1957 1273 Germaniacum,
1988 1220 2077 1277 Ep-

114 1285 334 1342 poniacus,
364 1285 594 1329 Pauli-acus
626 1293 704 1330 etc.
740 1288 785 1330 in
816 1289 914 1330 Act.
947 1285 1026 1331 SS.
1056 1285 1166 1328 Bon.
1198 1285 1278 1329 Iul.
1303 1289 1340 1340 1,
1366 1288 1457 1339 112.
1490 1288 1529 1339 6,
1548 1286 1648 1337 599.
1679 1289 1716 1339 7,
1741 1289 1822 1330 256
1849 1302 1910 1344 sq.
1938 1284 2077 1332 'locus

113 1355 186 1409 qui
218 1369 243 1395 a
274 1352 470 1397 Corbone
500 1355 591 1396 viro
621 1354 783 1409 inclyto
815 1352 1108 1397 Cothoniacus
1133 1349 1303 1408 dicitur'
1337 1355 1435 1398 Act.
1466 1353 1631 1398 Mabill.
1653 1368 1763 1397 saec.
1786 1356 1825 1397 4.
1848 1357 1887 1407 2,
1910 1355 2005 1398 241.

226 1420 464 1476 Regionum
503 1422 677 1464 nomina
713 1420 903 1463 eiusdem
942 1419 1220 1463 derivationis
1258 1420 1369 1464 inter
1405 1427 1575 1464 vetusta
1610 1436 1697 1465 non
1726 1428 1896 1475 extant3
1934 1430 2078 1466 tamen

112 1488 294 1531 eundem
326 1487 371 1529 in
392 1488 458 1530 his
483 1504 603 1531 usum
623 1489 820 1531 celticum
850 1489 1103 1545 comprobat
1121 1487 1379 1531 cambriam
1399 1503 1553 1532 nomen
1572 1489 1762 1545 regionis
1785 1490 2076 1544 Brecheniauc,

110 1552 248 1612 ‘regio
277 1549 500 1598 Brachani'
532 1555 627 1599 Lib.
657 1555 793 1599 Land.
825 1555 889 1613 (p.
909 1556 1010 1609 83),
1052 1555 1106 1600 de
1144 1569 1229 1611 qua
1257 1554 1551 1599 Cottoniensis
1591 1571 1759 1614 quoque
1789 1558 1925 1600 codex
1953 1559 2080 1601 refert

113 1622 205 1679 (qui
237 1622 429 1666 continet-
457 1622 640 1678 Vocab.)
671 1639 713 1680 p.
745 1623 830 1668 10⁶:
870 1623 1154 1665 Breclseniauo
1182 1622 1366 1677 primum
1403 1638 1430 1667 a
1455 1623 1678 1667 Braohano
1709 1621 1866 1668 nomen
1896 1625 2074 1681 accepit.

112 1690 319 1747 Idemque
358 1696 456 1747 post
494 1690 577 1733 alia
607 1691 721 1735 dicta
749 1691 803 1734 de
833 1689 915 1734 hoc
944 1690 1056 1751 siro:
1097 1689 1368 1746 sepulchrum
1395 1690 1593 1735 Brachan
1623 1698 1690 1735 est
1726 1692 1769 1734 in
1799 1692 1941 1737 insula.
1970 1708 2077 1749 quae

114 1765 289 1801 vocatur
321 1758 603 1813 cambo-achan
633 1773 741 1815 quae
762 1763 830 1801 est
857 1757 978 1800 iuxta
995 1757 1229 1802 Mannim.
1286 1756 1412 1801 Patet
1442 1759 1568 1801 etiam
1599 1773 1653 1802 ex
1671 1759 1752 1802 hoc
1772 1759 1946 1803 nomine
1967 1774 2078 1802 cam-

115 1826 232 1868 brico
261 1825 342 1867 viri
371 1839 529 1868 nomen
559 1825 799 1877 subiacens,
832 1825 1041 1882 simulque
1071 1824 1251 1868 formula
1281 1826 1351 1866 -ἄο
1380 1824 1450 1868 vel
1470 1826 1569 1878 -icie,
1601 1826 1749 1868 eadem
1779 1841 1889 1883 quae
1919 1828 2076 1871 cambr.

109 1907 227 1944 -auc,
267 1893 403 1945 -iauc,
445 1892 531 1936 hib.
562 1893 681 1945 meh,
720 1892 911 1936 efficiens
948 1893 1176 1951 praecipue
1214 1891 1520 1935 derivationem
1550 1893 1853 1937 adiectivorum
1884 1894 1976 1952 (pp.
2011 1897 2074 1938 16.

111 1961 179 2002 71.
201 1959 289 2015 94).

222 2026 264 2082 c)
295 2025 523 2070 Geininata
553 2024 589 2070 C
619 2026 663 2070 iu
691 2026 936 2070 nominibus
967 2026 1147 2083 gallicis.
1207 2025 1372 2071 ΑΘΒ-ι
1402 2021 1463 2070 ‘in
1492 2021 1735 2071 Mamacois'
1768 2029 1815 2071 in
1845 2028 1976 2086 chart.
2009 2046 2076 2086 ap.

109 2093 274 2137 Mabill.
300 2094 401 2150 dipl.
434 2109 473 2150 p.
494 2095 592 2137 404.
657 2092 790 2138 lCC·:
826 2092 1010 2137 Senicco
1044 2095 1175 2137 lnscr.
1206 2094 1362 2138 Murat.
1388 2095 1508 2149 1402,
1531 2097 1570 2138 5.
1609 2095 1825 2139 Mariccus
1855 2091 1922 2151 (‘e
1951 2097 2077 2152 plebe

110 2156 345 2216 Boiorum')
376 2159 478 2205 Tac.
508 2160 626 2204 Hist.
660 2161 696 2214 2,
720 2163 786 2202 61.
831 2160 1023 2205 Mariana
1053 2160 1175 2204 Grut.
1199 2162 1294 2214 879,
1320 2163 1385 2204 10.
1423 2161 1669 2205 Litaviccus
1691 2161 1816 2206 Caes.
1856 2163 2077 2207 Boudicca

110 2227 209 2270 Tac.
253 2228 485 2271 Bodiccius
526 2228 666 2282 (iuxta
692 2227 934 2281 Litavicus,
972 2221 1163 2271 Bodicus
1193 2244 1236 2285 p.
1261 2229 1375 2283 171).
1434 2228 1598 2272 HOC-2
1638 2230 1826 2284 Abucci,
1856 2231 2077 2275 Abucciae

118 2293 249 2337 lnscr.
281 2294 439 2338 Mutat.
463 2296 588 2349 1515,
610 2296 648 2336 2.
696 2294 924 2338 Sunducca
950 2294 1107 2341 Mutat.
1133 2296 1255 2349 1402,
1278 2296 1314 2337 5.

223 2361 272 2417 d)
311 2360 514 2407 Conexae
542 2361 579 2406 C
610 2362 843 2405 derivantis
873 2361 1182 2418 frequentiores
1212 2362 1418 2405 formulae
1450 2369 1549 2406 sunt
1576 2362 1668 2417 NG,
1701 2362 1785 2417 SC,
1817 2364 1961 2408 minus
1988 2365 2071 2408 fre-

110 2435 290 2484 quentes
321 2428 414 2482 RC,
441 2429 519 2473 LO
550 2430 596 2472 in
623 2428 867 2472 nominibus
897 2429 1091 2473 vetustis.

105 2527 109 2531 ,
221 2495 385 2539 ANC-:
436 2497 731 2550 Καρηύαγκας
761 2495 904 2551 (mons
934 2495 1113 2551 Alpium
1143 2495 1358 2549 oriente-L,
1396 2510 1519 2538 mons
1560 2495 1797 2541 Cirnencus
1828 2499 1873 2540 in
1904 2494 2074 2553 chartis,

110 2563 257 2607 luvav.
287 2578 358 2618 pp.
393 2564 489 2617 201,
517 2563 612 2605 204.
641 2564 737 2605 236.
767 2562 872 2617 243)
904 2562 1030 2606 Pt01.·
1061 2563 1257 2608 Caranco
1289 2562 1412 2619 (loc.)
1451 2563 1645 2607 Mar-tene
1674 2566 1713 2617 2,
1747 2567 1812 2608 23.
1855 2566 2076 2622 praedium

109 2627 361 2672 Maranoum
391 2630 501 2672 Bon.
534 2628 649 2686 Sept.
676 2630 711 2681 1,
732 2630 829 2681 701.
865 2625 926 2672 ‘in
964 2629 1137 2673 fluviolo
1169 2625 1408 2673 Brivancia'
1438 2628 1588 2672 Baluz.
1611 2632 1650 2682 2,
1677 2633 1800 2674 1516.
1866 2632 1910 2673 ln
1932 2647 2075 2676 cumu-

111 2694 199 2737 lata
228 2695 516 2739 derivatione:
557 2695 672 2753 apud
699 2696 1015 2740 Belsonanoum
1045 2697 1189 2740 villam
1228 2697 1360 2753 (quae
1388 2697 1433 2738 in
1464 2697 1600 2739 medio
1629 2693 1971 2743 ‘Ardoennensis
2004 2700 2076 2743 sil-

106 2776 188 2804 vae
220 2761 303 2804 sita
332 2757 432 2817 est')
471 2761 601 2819 Greg.
632 2762 730 2806 Tur.
760 2765 799 2816 8,
826 2763 893 2805 21.
951 2762 1093 2807 ENC-
1123 2764 1338 2807 alternans
1368 2778 1461 2806 cum
1493 2764 1702 2819 proxima:
1739 2762 1798 2808 ‘in
1830 2781 2076 2823 pago-uua·

111 2823 351 2885 pencense',
378 2828 509 2872 chart.
533 2830 630 2871 circ.
654 2845 689 2872 a.
713 2830 809 2882 805,
842 2845 908 2886 ap.
930 2830 1093 2874 Mabill.
1115 2846 1155 2887 p.
1179 2832 1273 2873 508.
1309 2830 1574 2883 Donencum,
1599 2831 1840 2874 Donincum
1863 2831 2075 2888 (Picard.)

114 2895 252 2938 Vales.
313 2895 456 2939 ING-:
489 2896 634 2939 arinca
653 2890 926 2952 (Galliarum
946 2897 1145 2953 propria',
1175 2897 1374 2941 frumenti
1395 2898 1551 2957 genus)
1584 2897 1692 2940 Plin.
1721 2899 1783 2951 18,
1806 2899 1844 2942 8.
1882 2899 2075 2955 Agedin-
2165 2924 2167 2927 ·

111 2977 202 3004 cum
228 2961 350 3007 Caes.
398 2962 593 3018 Reginca
624 2961 758 3018 (Gall.
781 2963 906 3020 occ),
938 2963 1188 3008 Lemincum
1209 2966 1487 3021 (Allobrog.),
1522 2964 1754 3021 Vapincum
1777 2965 1898 3022 (Alp.
1921 2966 2076 3018 marit.)

110 3027 214 3072 Tab.
236 3029 285 3073 P.
316 3026 456 3072 'vicus
487 3029 556 3072 cui
585 3045 740 3073 nomen
761 3026 962 3075 Bovinca'
996 3030 1106 3074 Bou.
1139 3032 1239 3075 Mai.
1265 3033 1302 3087 2,
1326 3034 1420 3075 654.
1457 3032 1802 3088 Bodincomagus
1825 3031 1937 3087 (Ital.
1959 3033 2076 3089 sup.)

108 3094 218 3138 Plin.
259 3096 363 3139 Tab.
398 3096 476 3139 R*
532 3098 796 3154 Aquincum,
843 3098 1053 3142 Acincum
1091 3099 1326 3155 (Pannon.)
1351 3090 1477 3143 Ptol.
1516 3099 1611 3141 Itin.
1650 3100 1790 3141 Amm.
1848 3100 2075 3156 Aquincus

108 3162 242 3219 (nom.
264 3163 365 3218 viri)
396 3164 530 3209 Inscr.
554 3163 676 3207 Grut.
705 3165 807 3220 902,
822 3163 860 3206 5.
896 3165 1147 3221 Pervinous,
1170 3167 1383 3210 Pei-vinca
1412 3168 1543 3220 (nom.
1568 3163 1760 3223 person.)
1785 3168 1915 3210 inser.
1940 3166 2072 3226 Orell.

201 3290 214 3301 ”
240 3288 371 3322 Nomen
395 3289 556 3333 gallicum
582 3289 702 3331 procul
727 3288 843 3323 dubio.
891 3289 957 3323 Sed
982 3289 1069 3324 Plin.
1085 3292 1116 3331 3,
1139 3292 1197 3323 18:
1221 3290 1343 3334 'pudet
1367 3301 1387 3324 a
1410 3289 1550 3325 Graecis
1574 3290 1692 3325 ltaliae
1719 3292 1883 3326 rationem
1910 3291 2073 3331 mutuari,

108 3333 321 3368 Metrodorus
348 3337 460 3368 tamen
476 3334 638 3379 Scepsius
656 3335 751 3374 dicit,
785 3360 793 3368 .
809 3360 816 3368 .
831 3335 995 3379 Ligurum
1022 3334 1140 3380 lingua
1163 3347 1297 3370 amnem
1315 3336 1475 3378 (Padum)
1505 3335 1692 3370 Bodincum
1713 3338 1837 3378 vocari,
1861 3337 1953 3382 quod
1970 3336 2074 3383 signi·

108 3377 188 3413 ficet
210 3380 318 3414 fundo
340 3383 531 3415 carentem:
584 3379 717 3414 Nomen
737 3380 918 3424 liguricum
946 3380 1088 3415 forsitan
1113 3382 1156 3415 ad
1182 3381 1296 3416 Gallos
1321 3382 1357 3416 in
1383 3382 1481 3417 Italia
1506 3384 1768 3427 transgressum.
