2336 3736
205 219 288 261 668
334 220 425 261 (6²3·¹
444 220 528 260 624)
726 216 803 261 IV.
837 218 875 260 2.
923 228 1309 260 PRAEPOffl‘rmnns
1340 228 1659 261 nnl'rAuchs.

207 341 330 385 vobis
368 348 505 384 sumat
534 342 620 397 me)
660 341 775 384 Mab.
809 343 845 394 1,
874 342 941 384 21.
1010 341 1048 382 3.
1079 354 1215 397 pers.:
1265 340 1403 384 ractal
1442 355 1515 383 eur
1554 353 1622 382 am
1646 354 1758 396 pean
1787 340 1871 395 pob
1910 355 1964 380 un
2001 340 2181 382 alionum

206 409 405 464 (frontale
428 424 599 451 aureum
622 408 735 450 eirca
758 414 886 464 eaput
907 408 1242 464 uniuscuiusque
1266 423 1320 451 ex
1343 409 1427 464 eis)
1448 408 1563 452 Mab.
1591 408 1626 460 l,
1651 409 1688 452 3.
1727 422 1776 449 or
1795 407 1931 448 diwed
1950 408 2041 448 tewi
2057 407 2178 449 oleon-

203 484 308 517 mmt
335 476 527 531 (tandem
557 476 690 518 taceri
721 477 773 519 ab
806 476 890 531 eis)
927 478 960 528 1,
985 474 1082 519 248.
1150 475 1428 519 Contrahitur
1465 483 1608 518 tamen
1640 474 1683 515 in
1715 488 1789 526 on,
1828 473 1865 516 si
1897 475 2090 531 sequitur
2137 476 2176 527 d,

203 549 249 584 ut
278 543 436 586 oriatur
465 543 599 586 forma
628 551 753 585 aucta
783 543 949 587 ONAD
981 543 1218 600 (disiuncta
1247 545 1346 600 ipsa
1375 558 1544 600 quoque
1575 540 1825 596 interdum:
1869 540 2009 597 apheis
2038 556 2061 583 ο
2090 541 2182 584 hali

202 610 338 666 melyn
367 625 438 651 am
468 609 545 666 bop-
570 627 628 652 un
648 612 835 653 onadunt
865 612 930 667 (et
949 612 1097 654 tunica
1128 627 1151 653 e
1171 627 1315 668 panno
1346 611 1457 654 flavo
1489 611 1604 654 eirca
1624 625 1753 652 unum
1782 623 1992 666 quemque
2023 625 2076 653 ex
2097 611 2176 665 eis,

202 677 368 733 pueris)
399 676 515 721 Mab.
541 679 578 732 1,
601 679 638 722 3.
685 680 824 734 teyaolz
852 693 906 735 φ·
935 679 1092 734 haer-af
1116 680 1302 722 madunt
1331 679 1424 734 hwy
1452 692 1530 719 nor
1562 692 1722 732 vormyn
1755 676 1906 730 deabus
1930 676 2177 732 (formosior

202 744 385 787 maxime
418 745 617 789 deformis
651 761 705 788 ex
734 746 835 800 illis,
867 748 1038 804 puellis,
1073 762 1196 804 quam
1226 746 1371 803 puella
1397 744 1745 799 foimosissima),
1780 744 1962 788 aehwech
1993 745 2179 786 madunt

201 811 412 868 ayymertlz
442 828 496 868 uy
526 813 716 855 march...
736 846 745 855 .
767 814 953 856 achwech
981 815 1095 856 ereill
1125 815 1310 856 onadtmt
1339 812 1552 870 ayymerclz
1583 827 1631 868 vy
1662 826 1793 853 arueu
1822 810 1888 866 (et
1915 825 1993 855 sex
2023 825 2078 854 ex
2108 810 2172 854 eis

201 888 477 935 sumpserunt
507 894 660 937 equum
690 895 841 934 meum,
874 888 918 924 et
947 897 1023 924 sex
1082 882 1164 924 liae
1195 897 1248 924 ex
1279 881 1343 924 eis
1374 884 1648 937 sumpserunt
1677 894 1796 922 arma
1823 878 1941 934 mea)
1975 880 2010 932 1,
2033 879 2072 921 4.

315 945 500 990 Cornice
531 954 575 990 et
593 948 824 991 aremoriee
855 948 962 992 haec
982 949 1219 1007 propositio
1241 956 1308 992 est
1328 950 1383 1002 A,
1417 947 1654 991 destituens
1686 953 1916 1003 sequentes
1947 959 2175 1000 consonas,

201 1014 392 1057 eiusdem
423 1030 541 1068 usus,
573 1015 695 1058 ouius
727 1024 794 1058 est
822 1017 977 1061 oambr.
1009 1031 1043 1068 0,
1076 1015 1328 1072 significans
1358 1015 1512 1068 locum,
1543 1021 1737 1072 tempus,
1770 1027 1943 1057 causam
1974 1020 2076 1066 eto„
2107 1014 2176 1057 vel

199 1083 465 1139 respondens
487 1083 685 1138 genetivo
709 1092 751 1126 et
771 1084 958 1127 ablativo
980 1082 1126 1124 latinis
1148 1089 1248 1139 post
1267 1082 1551 1135 substantiva,
1574 1082 1802 1134 adiectiva,
1824 1083 1968 1128 verba.
2008 1085 2176 1129 Auctae

201 1151 333 1206 igitur
369 1151 692 1207 pronominibus
733 1151 899 1194 suffixis
936 1150 1097 1194 formae
1134 1158 1234 1193 sunt
1264 1165 1378 1193 corn.
1413 1165 1542 1192 arem.
1576 1149 1770 1202 AHAN,
1804 1165 1920 1193 corn.
1950 1149 2174 1205 ANETH,

199 1233 328 1260 arem.
360 1217 533 1262 ANEZ.

314 1283 530 1342 Exempla.
568 1287 786 1330 cornica
826 1285 1036 1343 simplicis
1074 1284 1254 1328 formae:
1292 1299 1357 1341 wy
1393 1285 1493 1341 abys
1530 1301 1556 1327 a
1592 1284 1683 1326 leon
1721 1284 1843 1341 yolon
1877 1285 1978 1341 (vos
2005 1299 2112 1341 rogo
2152 1299 2176 1328 e

198 1353 325 1409 pleno
357 1353 506 1408 corde)
536 1353 586 1396 P.
613 1356 647 1406 l,
674 1356 709 1398 1.
748 1369 843 1409 may
871 1353 1060 1394 wrellons
1077 1385 1086 1394 .
1108 1385 1114 1391 .
1136 1387 1141 1392 .
1166 1369 1192 1394 a
1214 1352 1305 1395 lena
1335 1368 1416 1409 aya
1436 1353 1516 1408 day
1547 1352 1614 1408 (ut
1632 1352 1774 1395 ferant
1804 1366 1878 1396 eos
1910 1367 1964 1395 ex
1986 1367 2037 1396 eo
2058 1351 2175 1408 loeo)

196 1420 294 1474 229,
316 1421 355 1462 4.
394 1436 511 1463 meur
539 1439 566 1464 a
597 1421 731 1477 bobyll
755 1435 883 1478 {sange
911 1437 939 1463 a
968 1419 1136 1476 3y9how
1154 1452 1162 1461 .
1180 1451 1191 1462 .
1209 1451 1218 1462 .
1241 1421 1323 1476 Izaq
1354 1435 1381 1461 α
1397 1420 1506 1477 yletlz
1537 1420 1733 1476 (multum
1765 1419 1913 1478 populi
1941 1434 2036 1463 cum
2066 1419 2121 1464 iis
2149 1436 2176 1463 a

198 1487 374 1531 dextera
411 1496 455 1532 et
483 1505 507 1532 a
538 1489 733 1544 sinistra)
765 1489 834 1547 97,
858 1489 897 1530 3.
943 1502 1061 1530 meur
1090 1504 1115 1528 α
1148 1486 1250 1543 beyn
1279 1505 1307 1530 a
1339 1498 1496 1543 w03evy
1527 1488 1725 1544 (multum
1755 1487 1915 1532 doloris
1945 1487 2176 1545 tolerabat)

197 1557 263 1608 54,
294 1558 327 1597 1.
362 1556 465 1613 ylan
487 1558 545 1613 off
571 1574 597 1599 α
619 1572 698 1599 wo&
727 1573 785 1597 an
817 1557 982 1597 clv-emas
1013 1556 1167 1613 (purus
1189 1571 1284 1598 sum
1315 1571 1341 1598 a
1362 1556 1571 1612 sanguine
1602 1555 1682 1599 viri
1702 1555 1848 1613 probi)
1870 1556 1963 1610 149,
1986 1557 2025 1599 2.
2066 1554 2176 1601 Cum

197 1623 399 1667 articulo:
438 1641 495 1666 an
525 1625 717 1681 vqhelder
746 1638 843 1679 may
869 1635 956 1678 3232
994 1623 1069 1678 (ex
1098 1622 1323 1666 altitudine
1354 1623 1426 1667 ubi
1458 1623 1568 1678 erat)
1599 1627 1638 1678 5,
1667 1625 1707 1668 2.
1748 1639 1778 1681 y
1794 1623 1938 1680 fe30ff
1965 1625 2088 1681 tre-qis
2118 1640 2174 1668 an

196 1690 315 1732 barth
345 1692 516 1747 dyyhow
546 1692 764 1748 (morabor
795 1706 821 1734 a
849 1696 972 1748 parte
1003 1692 1199 1745 dextera)
1232 1692 1300 1744 93,
1323 1692 1361 1733 3.

308 1758 557 1803 Praemissa
585 1759 810 1802 adiectivis
841 1760 991 1804 eadem
1023 1759 1286 1817 praepositio
1315 1759 1520 1803 adverbia
1549 1759 1700 1803 efficit:
1730 1766 1852 1815 notye
1870 1760 1969 1817 drys
1997 1774 2055 1802 an
2074 1759 2176 1804 wlas

197 1858 208 1869 .
226 1858 235 1870 .
254 1860 264 1869 .
287 1844 314 1870 a
344 1842 442 1884 oya&
470 1828 553 1883 hay
582 1844 611 1870 a
640 1826 718 1869 bell
745 1826 988 1883 (notificare
1018 1843 1094 1885 per
1123 1833 1280 1871 terram
1310 1842 1446 1885 prope
1485 1834 1527 1871 et
1555 1826 1726 1884 procul)
1763 1825 1812 1870 P.
1842 1827 1938 1881 249,
1961 1828 2001 1871 3.
2048 1842 2076 1870 a
2103 1837 2174 1883 32-

190 1910 356 1951 symma
384 1894 560 1950 (subito,
593 1894 757 1950 statim)
799 1895 867 1948 28,
894 1897 930 1938 1.
960 1897 1028 1949 81,
1052 1896 1090 1938 2.
1123 1895 1191 1948 84,
1215 1896 1255 1938 2.
1286 1896 1354 1949 85,
1377 1896 1415 1938 3.
1451 1896 1518 1949 88,
1536 1897 1580 1939 ’2.
1613 1896 1680 1949 98,
1701 1896 1742 1939 4.
1773 1894 1891 1951 (105,
1913 1893 1975 1951 3.)
2011 1895 2102 1950 118,
2132 1895 2172 1939 3.

198 1963 294 2016 143,
315 1964 356 2005 4.
389 1963 486 2017 247,
508 1965 548 2005 4.
588 1963 697 2005 abell
727 1965 771 2017 (e
800 1962 1049 2019 longinquo,
1080 1963 1252 2020 procul)
1284 1966 1350 2016 77,
1373 1963 1412 2006 ⁴2.
1453 1980 1489 2006 a,
1511 1963 1589 2006 bell
1615 1973 1664 2018 33
1691 1963 1820 2005 worth
1848 1978 1906 2006 an
1929 1976 2047 2020 qur
2077 1963 2175 2019 αἷμα

194 2031 365 2087 (procul
396 2047 422 2074 a
448 2046 550 2074 vero
580 2031 856 2086 aberrabant)
888 2031 985 2085 203,
1006 2032 1047 2073 4.
1107 2034 1224 2075 Ante
1246 2031 1352 2075 alias
1373 2031 1735 2089 praepositiones:
1767 2047 1794 2072 a
1814 2044 1893 2087 ray
1910 2031 2032 2087 quq-iaz
2049 2031 2172 2074 colm-

195 2113 350 2142 menow
380 2099 428 2153 (a
454 2099 592 2142 fronte
621 2098 725 2141 facti
754 2098 877 2154 nodi)
912 2099 1006 2151 131,
1027 2100 1064 2141 3.
1108 2100 1161 2142 ha
1188 2100 1258 2156 ylv
1292 2100 1329 2141 A
1359 2114 1438 2156 ray
1468 2100 1548 2156 hay
1578 2116 1604 2141 α
1625 2099 1811 2140 denewen
1840 2097 1962 2141 (audi
1991 2097 2173 2142 asi-onte

193 2173 236 2208 et
264 2182 291 2209 a
315 2167 469 2222 latere)
502 2165 554 2210 O.
578 2167 701 2209 2063.
738 2181 882 2221 ymom
912 2182 936 2208 a
970 2180 1048 2223 ray
1073 2166 1144 2224 pel
1169 2167 1303 2223 yyllys
1333 2166 1480 2223 (porro
1509 2167 1680 2209 iverunt
1707 2165 1856 2222 longe)
1887 2164 1940 2210 Ο.
1973 2167 2095 2210 1636.

306 2234 487 2278 Formae
519 2240 670 2277 auctae
701 2233 1037 2290 praepositionis
1068 2248 1164 2276 cum
1194 2235 1520 2291 pronominibus
1552 2233 1740 2277 suffixis:
1772 2233 1913 2276 arlutlz
1936 2248 2028 2290 pan
2056 2234 2172 2291 dyffy

191 2310 254 2356 ζεῖ
278 2316 375 2357 pow.
394 2304 574 2359 preclery
606 2303 780 2357 ahanaff
803 2317 916 2357 qura
946 2301 1155 2357 (domine,
1188 2317 1282 2344 oum
1307 2302 1457 2345 venies
1487 2302 1532 2344 in
1560 2301 1779 2358 regionem
1797 2307 1927 2355 tuam,
1957 2307 2171 2346 memento

193 2370 294 2424 mei)
326 2369 375 2411 Ρ.
404 2372 496 2423 193,
519 2372 557 2413 2.
596 2372 755 2413 αήαηαε
782 2369 912 2424 ythew
942 2368 1092 2424 scrzfys
1122 2369 1197 2424 (de
1217 2375 1261 2411 te
1291 2377 1358 2412 est
1379 2369 1604 2427 scriptum)
1640 2369 1704 2421 14,
1727 2369 1766 2411 2.
1811 2369 1981 2412 abanan
2000 2384 2056 2426 ny
2075 2370 2171 2426 vytlz

196 2452 301 2479 onon
334 2438 379 2493 (e
408 2440 534 2481 nobis
566 2454 655 2481 non
686 2437 764 2481 erit
794 2436 1042 2493 quisquam)
1073 2435 1128 2478 D.
1153 2437 1247 2480 772.
1286 2452 1395 2479 onan
1425 2437 1645 2494 ahanouqlz
1674 2436 1824 2479 haneth,
1852 2449 1949 2478 rum
1974 2438 2171 2494 querthas

193 2505 302 2546 thom
342 2506 532 2561 yskerens
571 2506 707 2561 (unus
751 2520 774 2548 e
806 2496 929 2547 vvobis
969 2503 1050 2545 hac
1088 2511 1216 2548 nocte
1253 2504 1447 2548 vendidit
1483 2518 1552 2548 me
1586 2503 1773 2547 inimicis
1811 2503 1946 2560 meis)
1982 2503 2039 2550 D.
2073 2506 2169 2551 736.

191 2573 342 2615 anocko
369 2589 398 2629 y
424 2576 574 2630 yerha8
602 2589 629 2629 y
660 2574 765 2628 eueff
791 2573 865 2627 (ab
898 2587 947 2614 eo
980 2572 1158 2614 abstulit
1187 2572 1281 2616 eius
1311 2573 1517 2626 animam)
1548 2572 1598 2615 P.
1626 2573 1718 2625 106,
1739 2574 1780 2614 4.
1822 2585 1920 2628 may
1948 2572 2052 2615 rollo
2081 2572 2170 2615 bres

192 2650 321 2695 ane3y
362 2641 429 2695 (ut
463 2641 591 2683 ferret
620 2640 824 2683 iudicium
863 2640 916 2682 de
947 2654 1018 2692 ea,
1060 2639 1280 2682 mulierem
1317 2639 1605 2694 adduxerunt)
1644 2639 1711 2692 32,
1740 2638 1779 2681 2.
1833 2653 1863 2694 y
1899 2653 2008 2696 θυνος]
2048 2649 2098 2688 3e
2124 2654 2170 2681 re

192 2718 317 2762 ane30
348 2723 430 2750 mos
460 2719 535 2763 3en
565 2710 638 2750 dre
669 2707 818 2762 (iussit
847 2707 1014 2763 aliquos
1045 2721 1098 2749 ex
1129 2708 1192 2750 eis
1224 2707 1286 2750 ire
1316 2707 1361 2750 in
1380 2706 1543 2762 vicum)
1574 2708 1641 2759 27,
1665 2707 1704 2749 2.
1745 2721 1799 2748 an
1826 2716 2171 2763 monasti-...30

196 2776 347 2831 wm3yll
375 2791 493 2818 orons
523 2786 647 2831 ane3e
677 2776 816 2832 (ligna
845 2775 899 2818 ad
928 2774 1168 2817 faciendam
1200 2789 1369 2818 crucem
1398 2789 1453 2818 ex
1483 2772 1568 2829 eis)
1601 2774 1695 2828 151,
1713 2775 1755 2816 4.

306 2842 517 2899 Exempla
557 2843 873 2886 aremorica:
914 2843 1009 2885 cluet
1048 2856 1074 2882 a
1107 2841 1190 2883 lech
1227 2855 1268 2883 se
1298 2857 1354 2884 na
1384 2841 1516 2884 daleet
1552 2841 1718 2897 (venite
1759 2841 1811 2884 ab
1849 2840 1930 2884 hoo
1958 2840 2077 2894 loco,
2111 2855 2168 2885 ne

194 2910 432 2965 tardaritis)
463 2909 571 2953 Buh.
606 2911 698 2963 138,
733 2911 796 2952 11.
853 2922 922 2950 ma
951 2917 1120 2964 quer-ent
1155 2924 1199 2951 80
1231 2916 1292 2951 cut
1315 2941 1325 2950 .
1346 2943 1353 2951 .
1374 2909 1476 2963 .fier
1512 2925 1540 2952 a
1570 2908 1774 2965 britonem
1808 2926 1835 2952 α
1864 2907 2038 2952 neblanc
2072 2924 2100 2950 a
2136 2909 2171 2950 ti

186 2979 346 3032 pz'uizic
382 2978 603 3034 (parentes
633 2977 720 3020 mei
750 2983 850 3019 sunt
879 2976 1076 3019 homines
1105 2976 1295 3019 illustres
1333 2991 1355 3019 e
1384 2975 1628 3029 Britannia,
1659 2976 1847 3030 nobiles,
1890 2990 1914 3019 e
1945 2975 2073 3021 domo
2103 2975 2167 3018 di-

193 3044 299 3099 vite)
330 3045 397 3097 36,
421 3045 676 3098 23-38,1.
721 3061 748 3086 a
777 3044 859 3099 pell
887 3058 1023 3084 amser
1053 3059 1077 3084 a
1109 3044 1173 3085 het
1194 3045 1365 3099 pemdec
1395 3043 1509 3085 bloaz
1546 3043 1592 3098 (e
1621 3044 1855 3100 longinquo
1891 3049 2104 3099 tempore,
2142 3057 2167 3086 e

193 3112 331 3167 spatio
363 3112 605 3167 quindecim
637 3126 868 3164 annorum3
900 3127 926 3152 a
955 3111 1034 3163 het,
1068 3125 1091 3152 e
1122 3110 1399 3167 longitudine,
1431 3111 1514 3156 iam
1545 3110 1645 3154 inde
1675 3110 1719 3165 a)
1744 3111 1809 3164 12,
1834 3112 1898 3152 15.
1923 3109 1989 3152 16.
2028 3124 2055 3151 a
2075 3116 2164 3151 tru-

189 3194 314 3235 9are2
344 3180 417 3220 doe
447 3179 494 3233 (a
526 3178 836 3232 misericordia,
873 3181 951 3234 p'er
980 3177 1315 3223 misericordiam
1347 3178 1432 3232 dei,
1467 3180 1663 3233 sanatus)
1692 3177 1752 3234 fq.
1795 3178 1874 3220 den
1905 3177 2001 3218 bras
2030 3177 2108 3219 den
2134 3193 2165 3219 a

193 3246 313 3289 choas
343 3246 420 3287 hac
450 3262 476 3287 a
506 3254 587 3287 <stat
616 3245 762 3300 (homo
796 3245 973 3301 amplus,
1005 3245 1131 3288 homo
1154 3246 1316 3288 electus
1348 3253 1390 3288 et
1419 3245 1591 3298 nobilis,
1623 3260 1752 3301 germ.
1783 3259 1870 3288 von
1891 3243 2064 3299 stando)
2096 3244 2162 3297 28,

193 3313 260 3356 23.
298 3327 360 3354 me
381 3327 423 3354 80
447 3313 522 3354 cleu
544 3329 568 3354 α
592 3314 674 3355 lues
695 3313 807 3367 (sum
830 3312 966 3354 cultor
985 3312 1116 3368 legis)
1145 3313 1235 3365 150,
1260 3314 1297 3356 1.
1340 3314 1394 3355 da
1423 3320 1599 3370 qouzout
1624 3320 1744 3369 petra
1774 3327 1800 3354 α
1819 3319 1907 3354 mat
1936 3327 1963 3353 α
1979 3325 2060 3367 qra
2089 3310 2165 3366 (ad

193 3379 411 3421 sciendum
453 3379 555 3435 quid
583 3379 687 3423 boni
710 3378 861 3433 faeiat)
895 3379 959 3432 18,
983 3379 1049 3423 20.
1087 3377 1248 3435 fram-q
1288 3396 1314 3421 a
1347 3393 1429 3436 pep
1465 3392 1648 3434 ant-quen
1685 3379 1815 3435 (liber
1853 3377 1966 3422 omm'
1997 3376 2165 3433 dolore)
