2336 3736
459 285 702 317 APPENDIX.
761 284 983 316 srscmnn
1014 286 1191 317 comc1s
1221 287 1453 317 msmzmcl
1484 286 1552 318 on.
1608 276 1850 318 (10⁷2.1073)
1896 276 2003 319 1049

159 396 266 453 Cap.
290 396 365 439 VI.
424 396 492 439 De
526 398 642 441 varia
671 395 892 439 altitudine
924 397 1044 440 caeli.
1103 398 1201 441 Non
1231 404 1370 441 autem
1400 397 1460 440 ita
1487 397 1670 442 mundus
1701 398 1782 442 hoc
1802 399 1902 455 polo
1932 414 2004 441 ex-

44 464 223 507 celsiore
255 478 301 505 se
323 464 490 518 attollit,
522 470 567 507 ut
589 464 776 520 undique
798 470 1029 506 cernantur
1057 464 1163 507 haec
1185 466 1338 509 sidera.
1390 464 1547 507 Verum
1569 466 1714 507 eadem
1737 466 1998 522 quibusque*

44 531 250 588 proximis
272 531 516 574 sublimiora
539 531 777 583 creduntur,
812 531 1041 586 eademque
1064 532 1280 574 demersa⁵
1315 532 1580 588 longinquis,
1617 543 1743 589 utque
1773 548 1887 576 nunc
1907 533 2006 576 sub·

42 598 155 641 limis
198 600 242 640 in
282 597 473 640 deiectu⁶
515 596 692 654 positis⁷
739 596 907 639 videtur
942 597 1014 641 hic
1053 604 1218 651 vertex,
1265 598 1328 641 sic
1366 598 1411 640 in
1447 599 1521 641 illa
1558 607 1694 643 terrae
1732 598 1998 643 devexitate⁸

43 664 346 721 transgressis⁹
381 664 455 706 illa
485 680 532 708 se
563 664 771 716 attollunt,
803 663 1090 708 residentibus
1124 680 1231 721 quac
1262 664 1331 708 hio
1354 666 1525 709 excelsa
1556 666 1733 721 fuerant,
1765 672 2007 723 opponente

43 747 90 775 se
119 737 267 775 contra
295 731 456 773 medios
489 731 607 774 visus
638 730 764 786 globo
795 736 998 774 terrarum
1029 732 1202 785 ade0,¹⁰
1236 738 1282 773 ut
1312 733 1645 788 septentriones,
1688 748 1795 790 quae
1825 732 1951 776 nobis
1981 747 2008 775 a

44 799 202 841 vertice
232 798 439 855 pendent,
475 797 521 839 in
551 796 805 854 quibusdam
833 797 983 840 Indiae
1013 797 1120 841 locis
1151 798 1394 854 quindecim
1424 804 1586 843 tantum
1625 799 1669 842 in
1707 815 1817 843 anno
1848 800 2000 843 diebus

43 870 286 922 appareant.
296 868 310 892 ¹
325 867 341 892 ²

158 931 263 989 Cap.
285 931 384 974 VII.
442 931 511 973 De
542 930 660 973 caelo
692 930 923 987 superiore.
984 931 1160 974 Caelum
1192 933 1424 989 superioris
1464 933 1610 978 circuli
1642 934 1812 991 proprio
1843 933 2006 976 discre-

45 1008 131 1042 tum
163 1000 341 1042 termino
374 1005 417 1041 et
446 997 695 1054 aequalibus
727 997 915 1054 undique
944 998 1095 1055 spatiis
1129 999 1383 1043 collocatum
1414 999 1591 1043 virtutes
1622 1001 1815 1044 continet
1843 1000 2009 1056 angeli-

44 1082 131 1120 cas,
164 1081 271 1122 quae
302 1066 357 1108 ad
386 1081 465 1108 nos
496 1072 700 1108 exeuntes
731 1066 929 1109 aetherea
959 1065 1041 1109 sibi
1072 1082 1252 1123 corpora
1282 1072 1464 1119 sumunt,
1493 1073 1539 1108 ut
1566 1069 1738 1124 possint
1765 1067 2007 1110 hominibus

43 1134 171 1177 etiam
199 1134 244 1176 in
266 1133 428 1176 edendo
452 1132 642 1185 similari,
676 1133 910 1189 eademque
939 1133 1000 1176 ibi
1030 1149 1229 1176 reversae
1252 1134 1503 1190 deponunt.¹
1521 1136 1537 1161 ²
1583 1134 1733 1178 Hoc¹³
1760 1135 1864 1176 deus
1886 1134 2008 1191 aquis

43 1200 295 1257 glacialibus
326 1199 588 1257 temperavit,
620 1214 674 1242 ne
704 1199 906 1243 inferiora
937 1202 1216 1243 succenderet
1245 1201 1467 1243 elementa.
1518 1200 1686 1244 Dehinc
1707 1202 1883 1246 inferius
1913 1216 2009 1244 cae-

42 1268 130 1310 lum
157 1283 245 1310 non
275 1267 497 1320 uniformi,
537 1267 614 1309 sed
643 1267 867 1324 multiplici
897 1273 1013 1311 motu
1044 1268 1311 1322 solidavit,¹⁴
1349 1284 1601 1326 nuncupans
1632 1269 1736 1312 illud
1766 1269 2007 1312 firmamen-

48 1342 134 1378 tum
165 1342 339 1395 propter
368 1335 725 1378 sustentationem
755 1335 1018 1391 superiorum
1049 1350 1264 1392 aquarum.

158 1401 263 1459 Cap.
294 1402 397 1446 XII.
454 1402 522 1445 De
552 1417 682 1445 cursu
711 1403 988 1460 planetarum.
1046 1403 1166 1446 Inter
1203 1403 1365 1446 caelum
1407 1410 1627 1460 terrasque
1666 1409 1829 1460 septem
1869 1403 2010 1447 sidera

44 1470 252 1528 pendent,
295 1471 420 1515 certis
460 1470 645 1513 discreta
674 1470 875 1527 spatiis,l
917 1485 1026 1526 quae
1065 1478 1270 1514 vocantur
1312 1471 1515 1524 errantia,
1555 1471 1813 1514 contrarium
1850 1471 2008 1514 mundo

46 1538 215 1595 agentia
245 1553 430 1589 cursum,
463 1537 508 1579 id
539 1543 624 1591 est,
655 1537 840 1591 laevum,
871 1537 944 1580 illo
975 1553 1144 1594 semper
1179 1538 1223 1580 in
1255 1539 1403 1580 dextra
1432 1538 1670 1596 praecipiti.
1728 1538 1787 1581 Et
1816 1539 2009 1595 quamvis

45 1605 220 1648 assidua
249 1605 530 1648 conversione
560 1605 790 1647 immensae
822 1605 1053 1648 celeritatis
1085 1605 1328 1648 attollantur
1358 1606 1409 1651 ab
1442 1622 1491 1649 eo
1521 1607 1822 1663 rapianturque
1864 1606 1908 1648 in
1938 1621 2009 1650 oc-

43 1688 182 1728 casus,
212 1673 391 1716 adverso
423 1678 565 1715 tamen
593 1673 655 1715 ire
684 1679 800 1716 motu
829 1688 906 1728 per
935 1688 1036 1722 suos
1069 1687 1262 1730 quaeque
1293 1689 1448 1729 passus
1481 1674 1769 1727 advertuntur,
1800 1689 1915 1717 nunc
1943 1674 2009 1716 in—

42 1740 192 1794 ferius,
238 1754 352 1783 nunc
390 1739 586 1796 superius
624 1747 797 1797 propter
833 1739 1129 1797 obliquitatem
1170 1739 1360 1797 signiferi
1401 1741 1609 1797 vagantia.
1678 1740 1826 1784 Radiis
1865 1748 2009 1784 autem

44 1807 147 1851 solis
178 1807 439 1865 praepedita,
470 1808 668 1851 anomala
697 1807 767 1850 vel
795 1807 1041 1863 retrograda
1070 1807 1139 1849 vel
1171 1808 1442 1851 stationaria²
1477 1809 1596 1852 fiunt.

154 1873 222 1917 De
252 1881 488 1932 temporum
517 1876 694 1918 ratione.
754 1874 792 1918 E
824 1875 965 1932 capite
995 1874 1092 1918 XV.
1154 1874 1219 1917 De
1248 1875 1375 1918 lunae
1406 1891 1533 1919 cursu
1570 1891 1648 1933 per
1678 1876 1814 1933 signa.
1873 1875 2002 1930 Quod

45 1943 82 1986 si
113 1943 210 2000 quis
239 1943 456 2000 signorum
487 1942 660 1987 nescius
690 1943 861 1986 lunares
890 1948 1032 1985 tamen
1057 1957 1206 1985 cursus
1238 1943 1500 1999 agnoscendi
1530 1944 1712 2002 cupidus
1734 1949 1810 1997 est,
1842 1943 2010 1985 noverit

45 2016 87 2053 et
114 2010 209 2067 ipse
240 2011 372 2054 solem
404 2010 593 2067 quotidie
624 2014 805 2067 partem1
845 2026 972 2053 unam
1004 2010 1167 2053 zodiaci
1211 2011 1276 2053 sui
1308 2011 1521 2068 complere
1561 2012 1720 2068 (neque
1751 2010 1862 2053 enim
1893 2010 2009 2052 aliud

43 2084 187 2134 partes
218 2077 408 2131 zodiaci,
451 2089 578 2134 quam
609 2078 881 2134 quotidianos
914 2078 1016 2120 solis
1051 2078 1096 2119 in
1127 2079 1245 2120 caelo
1285 2078 1488 2121 debemus
1519 2079 1678 2122 sentire
1714 2077 2009 2134 progressus),

43 2145 187 2188 lunam
228 2160 328 2188 vero
367 2144 556 2200 quotidie
584 2144 696 2188 XIII
738 2151 880 2202 partes
920 2145 1109 2188 eiusdem
1149 2146 1315 2188 zodiaci
1353 2146 1584 2199 conficere,
1625 2145 1669 2188 id
1701 2150 1786 2198 est,
1825 2151 2009 2200 punctos

44 2217 240 2270 quattuor
271 2219 313 2256 et
342 2228 467 2255 unam
499 2220 675 2269 partem.
735 2212 793 2255 Et
822 2212 923 2267 quia
951 2212 1027 2254 illa
1055 2211 1172 2255 XIII
1202 2219 1344 2268 partes
1377 2214 1615 2269 complente
1646 2211 1711 2256 sol
1741 2226 1866 2253 unam
1896 2226 2010 2255 com-

41 2280 142 2338 plet,
173 2280 273 2323 inde
306 2279 409 2333 fieri,
443 2286 488 2322 ut
507 2295 594 2322 non
614 2280 710 2336 plus
743 2280 992 2336 quotidiano
1023 2295 1252 2336 progressu
1283 2295 1309 2322 a
1339 2279 1441 2332 sole,
1475 2295 1597 2336 quam
1630 2280 1847 2336 quaternis
1879 2294 2012 2335 punc·

41 2348 119 2400 tis,
155 2348 237 2391 hoc
277 2352 362 2400 est,
403 2346 614 2391 duodenis
646 2348 837 2404 partibus
880 2348 1113 2403 elongetur.
1181 2344 1344 2390 Ponat2
1380 2362 1479 2402 ergo
1512 2347 1654 2389 lunam
1685 2347 1866 2389 ubilibet
1896 2361 2010 2389 com-

43 2421 192 2471 putare
224 2413 418 2468 voluerit,
450 2421 598 2471 utpote
627 2415 673 2457 in
695 2414 786 2458 Cal.
810 2415 1033 2458 Ianuarias
1063 2414 1262 2470 primam3
1294 2414 1401 2456 haec
1431 2414 1503 2456 ubi
1532 2414 1669 2471 prima
1688 2420 1856 2456 noctem
1879 2413 2011 2456 diem-

43 2497 124 2539 que
154 2483 430 2538 transegerit,
468 2482 587 2525 illum
618 2482 726 2525 caeli
756 2483 897 2526 locum
927 2488 1067 2534 tenet,
1105 2496 1228 2537 quem
1268 2482 1335 2523 sol
1363 2481 1480 2523 XIII
1518 2481 1679 2524 mensis
1711 2481 1899 2524 eiusdem
1941 2481 2011 2523 die

41 2549 268 2605 completo.
330 2550 415 2594 Ubi
448 2550 658 2594 secunda³
685 2557 764 2603 est,
796 2550 1032 2606 multiplica
1063 2549 1146 2591 duo
1178 2563 1254 2604 per
1277 2556 1488 2604 quattuor,
1522 2549 1629 2590 fiunt
1659 2556 1768 2592 octo.
1828 2549 1934 2591 Item
1967 2556 2012 2591 ut

44 2618 95 2660 de
126 2618 295 2673 punctis
327 2618 380 2661 ad
411 2627 554 2675 partes
586 2617 832 2674 pervenias,
865 2616 1103 2673 multiplica
1136 2615 1243 2658 VIII
1272 2631 1349 2672 per
1379 2615 1460 2668 III,
1492 2616 1600 2657 fiunt
1629 2615 1825 2659 XXIIII.
1886 2616 2010 2658 Illam

43 2699 143 2740 ergo
174 2684 282 2727 caeli
314 2692 477 2740 partem
507 2691 624 2728 tenet
659 2684 760 2726 luna
791 2684 980 2727 secunda
1008 2683 1054 2725 in
1084 2690 1255 2739 quartas
1286 2683 1434 2725 Nonas
1467 2682 1705 2735 Ianuarias,
1748 2698 1874 2738 quam
1914 2683 2000 2725 sol⁴

42 2750 224 2793 XXIIII
260 2751 416 2794 abhinc
454 2752 523 2794 die
562 2751 769 2794 confecto.
837 2750 924 2794 Ubi
962 2751 1088 2793 tertia
1118 2753 1230 2803 est‚⁵
1266 2749 1504 2805 multiplica
1534 2749 1602 2791 III
1640 2765 1716 2805 per
1744 2750 1858 2801 IIII,
1903 2751 2011 2791 fiunt

132 2945 154 2976 4
178 2942 258 2977 dam
306 2946 324 2978 5
351 2942 408 2976 isli
454 2945 475 2976 6
499 2941 618 2976 inieiul
665 2946 682 2976 7
721 2943 744 2978 i.
769 2941 955 2976 hominibus
1005 2945 1023 2975 8
1050 2940 1200 2975 isindisli
1247 2943 1267 2973 9
1294 2941 1639 2986 tar-satharmtliiayac
1690 2944 1731 2974 10
1755 2941 1819 2974 laisa·
1836 2940 1902 2974 me't
1918 2941 2009 2974 ‹wui-

43 2987 155 3033 diytlaee
175 2988 293 3033 globus
319 2993 432 3023 terrae
504 2992 543 3022 11
577 2988 740 3022 aamlaid
762 2987 811 3022 (ἔφη
836 2987 1017 3022 cotaucbat
1041 2986 1117 3020 doib
1141 2986 1362 3020 residentibus
1389 2986 1423 3022 ,ιζ
1447 2987 1612 3021 sideribus
1640 2986 1673 3021 ,ιζ
1698 2985 1903 3021 amiusleicel
1928 2987 2010 3021 iuna

41 3033 124 3068 rimi
147 3033 184 3067 ,ιζ
209 3033 278 3067 illis
305 3035 337 3068 A.
363 3032 422 3067 isli
445 3033 594 3068 doibsom
623 3034 659 3067 in
675 3033 789 3068 echis-a
813 3034 930 3068 innahi
954 3038 1082 3079 rapiar
1106 3031 1224 3066 ardda
1249 3032 1379 3066 dunnai

134 3083 172 3113 12
201 3079 235 3114 .i.
250 3078 398 3124 sedebat
448 3082 488 3113 13
514 3079 548 3114 ,ιζ
575 3080 703 3114 eaelum
756 3083 794 3113 14
821 3080 870 3122 (in
893 3083 1013 3123 marg.)
1040 3076 1087 3112 ἰδέ
1109 3077 1288 3124 multiplex
1312 3083 1420 3112 motus
1446 3077 1576 3111 inv-ium
1599 3081 1691 3111 retae
1715 3077 1798 3111 inna
1815 3076 2008 3111 airndretli-

43 3124 107 3158 cha
129 3125 166 3158 in
190 3125 404 3159 contrarium
428 3129 552 3158 contra
574 3124 612 3159 δέ
635 3129 654 3159 7
681 3124 817 3159 arrium
840 3126 975 3159 aimzeca
990 3123 1128 3168 sedesin

130 3173 220 3211 (18⁶)
271 3175 286 3204 1
319 3171 369 3211 (in
394 3181 468 3204 mar
496 3172 517 3212 .)
548 3169 617 3204 laite'
645 3171 762 3216 spacia
790 3181 913 3204 narres
933 3170 981 3212 fil
1008 3169 1031 3203 ἀ
1056 3174 1153 3203 terra
1175 3179 1279 3214 usque
1302 3168 1351 3203 ad
1374 3167 1460 3204 XII.
1486 3169 1586 3214 siqua
1609 3166 1677 3202 Inito·
1700 3168 1785 3204 soni.
1811 3167 1890 3203 toni.
1919 3178 2006 3201 com-

42 3216 125 3250 lana
146 3216 191 3249 τί.
216 3215 286 3250 hilei
307 3214 459 3250 interual
472 3227 494 3249 a
518 3216 572 3250 im.
600 3215 803 3260 deserentiae
828 3220 845 3246 7
871 3216 1019 3261 nitiayae
1041 3215 1159 3248 saidai
1180 3215 1257 3248 secli
1281 3215 1415 3248 satuirn
1437 3225 1517 3249 saa-s·
1544 3219 1578 3248 ut
1598 3214 1731 3259 plinius
1757 3212 1843 3248 dicit
1865 3213 1908 3247 re.
1938 3213 2008 3259 pli-

40 3262 96 3296 nio
123 3266 219 3296 tonus
244 3267 291 3295 est
313 3261 465 3307 spatium
490 3273 566 3296 cum
591 3261 739 3307 leyitima
763 3262 952 3307 quantitate
976 3261 1077 3295 certis
1101 3260 1224 3306 spatiis
1251 3260 1283 3295 .i.
1310 3264 1407 3294 tonna
1433 3260 1520 3294 incer
1544 3266 1671 3294 terram
1699 3263 1717 3292 7
1745 3259 1860 3294 limam
1883 3259 1926 3292 τί.
1945 3257 2008 3293 ise'-

41 3318 101 3342 cen
133 3306 293 3341 cor-robae
325 3305 417 3341 indie>
448 3317 507 3341 sex
539 3308 723 3341 interualla
758 3306 857 3343 .VII.
881 3307 999 3352 spatia
1024 3310 1042 3340 7
1069 3304 1167 3340 .VII.
1193 3306 1266 3339 tom·
1289 3305 1332 3339 rl.
1359 3306 1388 3339 le
1411 3316 1427 3340 e
1452 3320 1456 3326 ·
1478 3306 1537 3340 lin.
1562 3305 1771 3339 stationaria
1796 3305 1832 3339 in
1855 3305 2008 3349 superio-

40 3352 134 3387 ribus
169 3353 201 3388 ,ιζ
232 3351 341 3387 ismib
371 3352 514 3387 rendaib
534 3352 612 3397 fail
640 3353 725 3387 liu'as
754 3352 854 3398 yre'in
884 3353 922 3387 .i.
944 3362 1035 3386 mars
1063 3351 1147 3386 iouis
1171 3356 1334 3385 saturnus
1358 3363 1378 3384 r
1395 3378 1402 3385 .
1428 3318 1486 3385 JssJ
1510 3351 1651 3385 tricetro
1676 3351 1697 3387 l.
1724 3351 1761 3384 in
1785 3351 1886 3385 tertia
1908 3354 2010 3396 parte

40 3398 171 3444 siqnife.
194 3398 231 3432 in
254 3397 425 3444 quadrato
451 3398 472 3432 l.
497 3397 534 3432 in
578 3403 683 3432 uaria
704 3409 784 3444 par.
811 3400 848 3432 in
872 3398 1016 3433 aduerso
1040 3398 1087 3433 rl.
1133 3401 1152 3431 2
1180 3397 1213 3433 .i.
1239 3408 1319 3431 suas
1345 3396 1431 3431 caeli
1455 3396 1590 3430 diriuclz

133 3446 222 3487 (31⁰)
270 3448 287 3479 1
315 3444 349 3480 ,ιζ
373 3443 474 3479 hvide
498 3443 610 3479 laica:
635 3443 708 3479 beos
757 3448 777 3479 2
803 3443 881 3490 cipe'
927 3447 947 3478 3
973 3443 1008 3480 .i.
1033 3442 1164 3478 indaile
1210 3446 1232 3478 4
1257 3441 1289 3478 .i.
1317 3442 1387 3477 cuit
1410 3442 1494 3477 iuna
1518 3442 1595 3478 aine
1620 3446 1638 3477 7
1666 3441 1748 3476 iuna
1771 3442 1839 3479 aile
1885 3445 1905 3476 5
1924 3441 2005 3476 lima
