2336 3736
483 301 557 345 VI.
590 303 628 344 2.
678 312 993 344 consrnucrxo
1023 312 1217 344 Ponch
1246 310 1505 343 fflssmzch.
1666 301 1757 338 (921.
1775 300 1856 339 922)
1897 299 1978 340 945

400 426 406 470 Ι
434 424 584 463 Doctus
610 425 649 461 in
682 431 685 473 Ι
716 423 780 461 dei
807 423 966 473 legibus,
997 427 1016 475 ΙΙ
1050 426 1055 472 Ι
1085 424 1230 462 divinis
1261 427 1265 472 Ι
1294 422 1543 468 dictionibus,

403 490 409 534 Ι
438 486 595 524 Ditatus
622 486 763 523 sanctis
790 486 927 536 opibus
959 484 975 528 ΙΙ
1006 488 1010 531 Ι
1041 486 1115 525 deo
1141 499 1294 537 semper
1319 485 1574 537 placentibus,

402 551 408 595 Ι
437 547 649 587 Dedicatus
676 549 717 586 in
744 547 912 585 moribus
943 547 961 595 ΙΙ
992 554 998 597 Ι
1030 549 1094 587 dei
1122 547 1341 600 Stephanus
1366 547 1485 598 agius,

401 617 406 661 Ι
435 609 611 649 Docebat
635 611 690 648 sic
716 615 756 649 et
781 615 926 648 ceteros
956 613 974 664 ΙΙ
1004 614 1010 659 Ι
1039 610 1144 650 dicta
1171 616 1178 663 Ι
1207 610 1321 649 docta
1345 610 1537 661 operibus.

143 681 456 735 columbanus,
503 683 724 727 Hibernus
769 683 1023 737 monachus,
1069 684 1143 741 qni
1184 684 1489 730 monasterium
1540 682 1754 726 Bobiense
1799 682 1990 725 condidit

32 751 158 805 (obiit
186 766 223 794 a.
255 749 371 803 614),
404 750 516 793 idem
547 758 637 794 arte
665 751 834 807 poetica
859 750 1010 793 floruit.
1070 751 1178 794 Eius
1214 767 1324 808 quae
1363 759 1510 794 extant
1537 751 1805 793 monosticha
1841 750 1990 807 paucis

35 820 226 875 exceptis
271 824 438 874 praeter
483 818 659 863 formam
694 817 928 860 hexametri
965 818 1086 860 latini
1131 818 1456 863 consonantiam
1499 818 1762 861 hibernicam
1805 833 1907 875 prae
1945 832 1991 859 se

32 887 186 928 ferunt.
258 882 425 940 Collige
465 899 517 927 ex
555 886 618 928 eis
648 886 784 942 magis
815 885 945 941 digna
984 900 1092 940 quae
1132 887 1398 941 proferantur
1427 887 1662 928 secundum
1692 886 1920 928 editionem
1948 885 1992 925 in

31 953 253 998 Gallandii
282 952 391 994 Bibl.
424 958 529 1008 patr.
561 952 650 1007 (12,
680 953 763 995 355
793 953 897 1008 sq.):

335 1033 394 1069 11.
424 1030 614 1069 Omnibus
642 1033 702 1068 est
723 1029 731 1080 Ι
753 1030 888 1069 mundi
910 1031 918 1081 Ι
941 1030 1078 1069 melior
1104 1031 1297 1081 sapientia
1323 1034 1437 1083 gazis.

335 1093 391 1133 16.
430 1094 437 1142 Ι
461 1092 586 1131 Morbi
611 1105 726 1130 causa
749 1092 754 1143 Ι
778 1093 871 1130 mali
897 1093 1017 1131 nimia
1043 1097 1103 1131 est
1128 1105 1381 1144 quaecunque
1410 1095 1595 1143 voluptas.

330 1155 390 1194 26.
421 1154 591 1193 Octonas
618 1155 775 1193 studeas
801 1157 807 1205 Ι
832 1155 1012 1193 vitiorum
1035 1155 1214 1206 'vincere
1243 1161 1402 1197 turmas.

332 1218 392 1257 28.
431 1217 436 1267 Ι
459 1217 612 1267 Lingua
639 1229 724 1255 suos
752 1216 892 1255 habeat
919 1218 1045 1266 frenos
1073 1219 1112 1256 in
1141 1220 1256 1259 corde
1280 1219 1287 1270 Ι
1310 1220 1458 1269 ligatos.

332 1281 392 1318 52.
408 1281 545 1318 Inclita
567 1281 574 1330 Ι
597 1284 823 1330 perpetuam
847 1281 852 1329 Ι
876 1285 1047 1330 praestat
1071 1285 1076 1330 Ι
1099 1282 1290 1332 patientia
1317 1283 1446 1321 vitam.

334 1344 395 1383 54.
412 1343 596 1393 Egregios
625 1343 741 1381 faciet
764 1343 769 1393 Ι
793 1345 931 1380 mentis
959 1345 1176 1383 constantia
1199 1345 1205 1395 Ι
1229 1358 1362 1383 mores.

333 1406 394 1446 88.
425 1405 535 1452 Quod
563 1406 632 1443 tibi
663 1417 737 1443 non
761 1404 768 1455 Ι
792 1410 901 1455 optas
924 1405 929 1456 Ι
954 1405 1022 1443 alii
1047 1420 1096 1444 ne
1123 1407 1257 1446 feceris
1281 1409 1287 1458 Ι
1310 1408 1391 1447 ulli.

313 1470 396 1508 100.
433 1469 438 1518 Ι
462 1468 579 1506 Disce
608 1467 675 1505 sed
693 1472 726 1505 'a
748 1468 755 1518 Ι
779 1468 911 1516 doctis,
936 1468 941 1518 Ι
965 1468 1138 1507 indoctos
1163 1469 1169 1520 Ι
1193 1470 1276 1520 ipse
1301 1475 1306 1515 Ι
1329 1470 1477 1510 doceto.

313 1531 394 1569 102.
433 1532 438 1578 Ι
465 1530 598 1568 Sermo
626 1530 740 1568 datur
767 1531 912 1577 multis,
942 1531 1063 1569 animi
1086 1532 1093 1581 Ι
1117 1524 1309 1581 sapientia
1334 1536 1475 1583 pauci-3.

314 1593 396 1630 127.
433 1594 439 1642 Ι
462 1592 544 1630 Pax
567 1594 573 1642 Ι
596 1605 732 1642 precor
759 1593 859 1631 alma
882 1593 888 1642 Ι
912 1599 979 1631 tuo
1001 1594 1008 1644 Ι
1031 1594 1183 1644 placeat
1205 1595 1211 1643 Ι
1233 1596 1306 1633 tibi
1334 1607 1486 1646 semper
1511 1595 1552 1633 in
1578 1607 1656 1633 ore.

314 1656 397 1694 138.
436 1657 441 1705 Ι
466 1654 554 1692 Una
581 1655 659 1693 dies
686 1655 813 1705 quales
840 1656 984 1694 fuerint
1006 1658 1012 1703 Ι
1036 1656 1205 1694 ostendit
1227 1657 1235 1707 Ι
1256 1657 1411 1696 amicos

317 1718 399 1756 159.
429 1717 543 1755 Alma
565 1719 571 1766 Ι
595 1717 674 1755 dies
702 1724 853 1757 noctem
881 1719 1068 1769 sequitur,
1098 1720 1154 1757 sic
1177 1718 1182 1769 Ι
1207 1719 1307 1757 dona
1333 1719 1488 1758 labores.

317 1780 399 1817 165.
428 1778 504 1825 Qui
529 1782 534 1829 Ι
557 1780 708 1818 modica
738 1784 881 1831 spernit
904 1782 910 1832 Ι
933 1782 1069 1819 minuit
1093 1785 1098 1829 Ι
1122 1782 1269 1819 maiora
1294 1794 1364 1832 per
1390 1782 1514 1820 horas.

317 1842 397 1880 170.
436 1842 443 1891 Ι
469 1841 542 1878 Cui
568 1846 717 1880 secreta
744 1843 903 1892 quidem
926 1843 932 1895 Ι
956 1843 1091 1882 credas
1114 1844 1120 1894 Ι
1144 1845 1362 1883 cautissime
1385 1846 1393 1894 Ι
1415 1845 1566 1882 cerna*

160 1916 340 1973 Spirans
369 1915 396 1955 Ιι
426 1930 512 1956 non
545 1922 610 1958 est
640 1931 856 1960 consonae
886 1917 993 1970 loco,
1026 1918 1101 1960 sed
1133 1919 1274 1961 vocali
1303 1920 1494 1975 aequalis
1525 1919 1722 1961 habetur:

314 1994 397 2032 160.
429 1994 742 2044 Τεωροῑωᾶιιω
771 1995 935 2041 variant,
963 1996 968 2047 Ι
993 1996 1142 2035 animus
1170 1998 1220 2035 sit
1248 2011 1400 2049 semper
1423 1999 1428 2048 Ι
1453 1998 1646 2037 honestus.

318 2057 401 2095 179.
444 2058 449 2107 Ι
475 2057 624 2094 Aurum
650 2056 803 2095 flamma
829 2059 977 2109 probat,
1003 2060 1009 2110 Ι
1032 2059 1204 2099 homines
1232 2062 1395 2100 tentatio
1422 2062 1551 2099 iustos.

168 2131 292 2174 quta
321 2141 536 2173 externam
567 2139 786 2188 utramque
817 2135 1139 2176 consonantiam
1170 2135 1337 2178 additur
1364 2137 1549 2178 interna:

342 2211 403 2247 49.
436 2209 608 2248 Plurima
634 2210 793 2248 discenti
815 2213 820 2259 Ι
845 2225 989 2263 semper
1012 2213 1017 2261 Ι
1042 2214 1222 2263 sapientia
1248 2215 1394 2253 crescit.

345 2273 406 2310 59.
436 2273 599 2310 Tantum
622 2273 628 2321 Ι
652 2275 770 2312 verba
793 2274 799 2324 Ι
824 2274 946 2312 valent
968 2275 974 2324 Ι
997 2282 1178 2325 quantum
1205 2289 1308 2314 mens
1335 2278 1467 2315 sentiat
1495 2278 1572 2315 illa.

345 2337 405 2372 (31.
435 2335 521 2373 Non
551 2336 625 2373 erit
648 2337 654 2386 Ι
677 2336 835 2386 antiquo
861 2350 982 2374 novus
1005 2338 1009 2380 Ι
1034 2338 1300 2377 anteferendus
1323 2340 1328 2388 Ι
1352 2340 1505 2378 amicus.

348 2397 407 2436 73.
436 2396 560 2435 Vitam
586 2398 732 2449 quippe
757 2398 763 2449 Ι
788 2405 889 2437 tuam
911 2398 917 2449 Ι
941 2407 1016 2437 tota
1041 2399 1175 2438 virtute
1199 2401 1205 2450 Ι
1229 2408 1345 2440 tuere.

325 2459 407 2497 137.
437 2458 498 2498 Sit
520 2459 526 2510 Ι
550 2460 623 2499 tibi
650 2472 744 2499 cura
766 2464 772 2508 Ι
794 2467 880 2500 tuae
903 2461 910 2510 Ι
936 2468 1010 2500 tota
1036 2462 1173 2500 virtute
1201 2463 1344 2502 salutis.

163 2544 521 2588 Allitterationem
560 2545 604 2587 in
634 2544 721 2597 his,
763 2545 875 2589 sicut
903 2546 948 2588 in
977 2546 1209 2590 hibernicis
1241 2548 1469 2604 exemplis,
1502 2563 1716 2591 consonae
1755 2548 2012 2604 principales

52 2614 208 2656 radicis
240 2611 431 2655 efficiunt
460 2619 560 2668 post-
588 2612 820 2669 particulas
852 2612 899 2655 in
930 2614 1202 2670 compositis:

328 2689 410 2728 128.
449 2689 455 2740 Ι
480 2689 642 2741 Semper
667 2691 709 2729 in
736 2702 802 2729 ore
827 2696 896 2730 tuo
922 2696 1118 2743 regsonent
1144 2689 1387 2733 bonavferba
1409 2694 1415 2744 Ι
1439 2693 1586 2732 salutis.

328 2752 410 2790 154.
440 2751 622 2802 Corporis
651 2752 839 2792 auxilium
862 2752 869 2803 Ι
894 2754 1045 2792 medico
1074 2756 1266 2807 perjmitte
1293 2756 1411 2794 fideli.

329 2815 410 2854 174.
440 2813 643 2867 Ob1servat
665 2813 671 2865 Ι
695 2815 851 2865 sapiens
873 2816 880 2866 Ι
903 2817 978 2855 sibi
1006 2822 1160 2867 tempus
1187 2819 1226 2856 in
1255 2831 1320 2855 ore
1348 2818 1544 2866 loquendi,

330 2878 411 2915 175.
440 2877 646 2930 ΙηΙεὶρίεῃε
672 2876 843 2927 loquitur
864 2878 871 2928 Ι
895 2884 1063 2929 spretum
1086 2879 1093 2929 Ι
1117 2881 1200 2917 sine
1226 2884 1400 2929 tempore
1428 2881 1594 2917 verbum.

177 2961 228 3003 ln
259 2962 456 3004 omnibus
487 2962 554 3004 his
587 2963 870 3005 consonantia
898 2964 1040 3006 finalis
1072 2970 1139 3007 est
1168 2964 1476 3020 monosyllaba,
1506 2965 1640 3007 rarior
1670 2965 1897 3021 bisyllaba:

360 3042 420 3077 313.
450 3039 538 3078 Non
562 3040 566 3089 Ι
591 3041 723 3090 opibus
753 3042 854 3079 bona
878 3042 982 3080 fama.
1007 3042 1133 3089 datur,
1162 3043 1230 3080 sed
1258 3044 1421 3080 moribwae
1445 3045 1450 3091 Ι
1474 3043 1595 3082 almis.

360 3103 419 3142 74.
459 3103 464 3152 Ι
490 3102 630 3141 Omnia
656 3115 728 3152 pro
756 3105 836 3143 vita
862 3109 952 3142 sunt
974 3105 980 3155 Ι
1003 3105 1211 3143 amittenda
1236 3107 1389 3144 tuenda.

335 3166 418 3203 192.
456 3165 462 3213 Ι
488 3165 673 3203 Omnibus
702 3170 761 3204 est
783 3166 789 3215 Ι
813 3167 946 3217 opibus
971 3167 977 3217 Ι
1000 3167 1136 3205 melior
1161 3168 1221 3205 vir
1243 3168 1250 3218 Ι
1273 3174 1403 3207 mente
1431 3169 1568 3206 fidelis.

333 3227 420 3265 207.
449 3227 580 3276 Diligit
603 3228 607 3279 Ι
633 3228 696 3265 hic
722 3234 862 3277 natum,
892 3229 1002 3279 virga
1027 3230 1094 3280 qui
1121 3233 1274 3280 corrigit
1294 3232 1300 3282 Ι
1324 3231 1440 3270 illum.

152 3381 168 3397 ’
197 3380 233 3414 [n
261 3381 322 3414 hae,
347 3381 532 3421 sententia,
569 3391 656 3425 quae
688 3382 792 3415 etiam
825 3382 1006 3417 Germanis
1031 3385 1210 3426 proverbio
1233 3387 1287 3418 est
1310 3386 1400 3424 (trau
1424 3386 1529 3418 schau
1560 3387 1691 3425 vesun),
1727 3386 1754 3418 si
1786 3391 1945 3422 accurate
1975 3387 2025 3420 in-

64 3424 226 3467 spicitur,
251 3427 406 3470 singulae
434 3436 528 3460 voees
553 3427 831 3462 assitterationem
858 3429 995 3462 habent.
1035 3428 1120 3463 Nam
1146 3432 1180 3463 et
1203 3430 1339 3475 signare
1366 3431 1442 3464 Dicet
1467 3432 1621 3474 seu-reta:
1656 3431 1686 3464 id
1722 3431 1811 3474 quod
1843 3445 1883 3467 ex
1915 3445 2026 3469 exem-

69 3469 134 3513 plis
157 3473 255 3515 patet
280 3482 357 3505 mox
383 3471 619 3517 sequentibus,
643 3477 680 3506 et
701 3472 835 3517 quidem
861 3474 918 3508 vix
942 3474 1058 3508 differt
1081 3485 1102 3508 a.
1126 3474 1267 3509 eusdem.

156 3537 281 3577 zenas,
306 3551 442 3574 onnam.
469 3551 558 3573 (mm
618 3540 681 3574 En.
708 3541 750 3574 11.
1714 3548 1759 3579 60
