2336 3736
266 205 321 246 40
370 205 440 246 (49·
467 205 526 246 50)
776 203 810 247 Ι.
846 207 882 248 1.
929 216 1170 250 consoni-2
1189 219 1475 251 *meamne-AB
1507 219 1737 256 momnffl.

260 325 463 383 Inscript.
506 324 820 382 Camulogenus
859 325 985 371 Caes.
1033 327 1236 372 Nemetes
1279 329 1405 374 Caes.
1446 330 1548 374 Tac.
1593 329 1790 381 Genava,
1840 325 2059 373 Cenabum
2099 323 2225 369 Caes.

260 393 381 435 Arar
414 392 540 436 Caes.
576 392 755 435 Raurici
778 391 903 436 Caes.
925 393 1037 436 Plin.
1082 395 1209 438 Adde
1237 398 1492 454 composita:
1524 398 1728 440 Insubres
1747 395 1841 438 Liv.
1873 391 2226 437 Convictolitavis

261 457 387 501 Caes.
421 458 723 502 Combretonio
759 459 880 516 (opp.
911 460 1038 516 Brit.)
1069 462 1167 505 Itin.
1198 463 1300 506 Ant.
1347 464 1649 507 Vememetum
1679 463 1797 521 (opp.
1827 461 1956 517 Brit.)
1994 459 2092 502 Itin.
2123 460 2225 503 Ant.

259 524 610 581 Vercingetorix,
656 525 1089 571 Vercassivellaunus
1130 529 1255 574 Caes.
1300 532 1640 587 Vercombogius
1678 531 1813 573 Inscr.
1856 528 1978 572 Grut.
2020 528 2121 580 758,
2161 528 2224 568 11.

257 592 437 635 Iunctae
467 593 578 636 inter
609 609 654 635 se
685 594 754 635 vel
784 610 879 636 cum
910 595 1004 638 aliis
1035 599 1257 642 consonis:
1297 599 1454 641 Parma
1482 598 1576 641 Liv.
1618 597 1943 642 Vernodubrum
1970 594 2081 636 Plin.
2119 592 2225 636 Per-

257 658 467 702 niciacum
509 659 619 714 (loc.
650 660 803 716 Belg.)
845 662 944 704 Itin.
987 661 1198 707 Carnutes
1238 663 1363 708 Caes.
1405 665 1622 722 Catuslogi
1667 666 1831 721 (comp.
1864 661 2076 716 Catu-sl.)
2114 660 2225 704 Plin.

257 725 455 768 Blestum
485 726 604 784 (opp.
631 727 758 782 Brit.)
790 728 889 772 Itin.
926 726 1213 773 Glannibanta
1244 732 1363 798 (opp.
1383 733 1512 788 Brit.)
1541 734 1672 776 Notit.
1696 733 1810 788 dign.
1843 731 2079 773 Pleumoxii
2100 729 2225 774 Caes.

259 791 480 836 Clavenna
498 794 597 841 Itin.
638 793 966 839 Smertulitanus
995 797 1131 840 Inscr.
1157 798 1286 842 Orell.
1323 802 1414 843 188.
1452 800 1755 856 Boduoynatus
1785 800 1939 856 (comp.
1960 799 2225 855 Boduo-gn.)

259 859 385 903 Caes.
428 861 682 917 Brogitarus
715 863 1067 920 (Gallograecus)
1101 864 1192 908 Cic.
1226 866 1350 921 (Har.
1382 867 1514 924 Resp.
1550 869 1612 910 13.
1645 869 1731 923 27).
1771 867 1942 909 Drusus
1983 866 2226 922 (Gallorum

258 928 360 982 dux3
395 929 446 971 cf.
478 944 520 984 p.
544 929 617 982 24)
650 928 740 972 Cic.
779 927 930 973 Grudii
961 931 1087 975 Caes.
1133 930 1363 976 Gfinarion
1393 934 1495 989 (loc.
1519 935 1632 977 circa
1652 935 1820 978 Danuv.
1844 935 1957 992 sup.)
1988 934 2086 977 Itin.
2119 935 2226 977 Pro-

254 1011 364 1038 naea
400 995 587 1051 (fluvius
618 995 768 1040 Suram
800 1004 842 1040 et
869 998 1097 1043 Mosellam
1128 1002 1315 1057 augens)
1359 1003 1524 1044 Auson.
1569 1001 1746 1045 Treveri
1779 1002 1903 1046 Caes.
1950 1001 2224 1059 Critognatus

257 1061 382 1105 Caes.
424 1062 631 1106 Malsonis
662 1064 720 1107 fil.
765 1065 964 1124 Inscript.
997 1067 1117 1112 Grut.
1151 1070 1245 1122 703,
1275 1071 1313 1111 6.
1365 1069 1477 1112 Alba
1504 1069 1680 1126 Vopisc.
1721 1068 1919 1113 Gelduba
1946 1068 2058 1112 Plin.
2090 1068 2223 1113 Tacit.

254 1128 472 1185 Galqaeus
503 1129 605 1173 Tac.
643 1132 779 1188 Alpes
809 1133 866 1189 fq.
906 1132 1073 1189 Celtae,
1108 1135 1303 1179 Celtillus
1336 1136 1461 1180 Caes.
1501 1138 1672 1190 Volcae,
1705 1135 1974 1189 Catuvolcus,
2006 1136 2224 1180 Volcatius

256 1195 384 1240 Caes.
406 1197 619 1252 Ambiani,
649 1199 871 1243 Ambiorix
892 1199 1018 1244 Caes.
1057 1201 1377 1247 Cambodunum
1405 1206 1502 1247 Itin.
1542 1206 1691 1248 Ancles
1723 1203 1849 1247 Caes.
1887 1204 2223 1247 Andecamulum

253 1262 352 1306 Itin.
390 1263 674 1319 Vindonissa,
715 1266 970 1311 Vindobona
998 1269 1097 1311 Itin.
1141 1271 1357 1328 Linyones
1392 1272 1516 1316 Caes.
1557 1272 1805 1329 Civeyetorix
1834 1270 1973 1316 Caes..
1998 1270 2221 1327 Santones,

254 1331 493 1374 Nantuates
525 1331 651 1375 Caes.
702 1333 933 1379 Pervincus
965 1337 1165 1394 Inscript.
1204 1339 1373 1390 Mursa,
1414 1340 1619 1383 Mursella
1655 1339 1932 1394 (Pannoniae
1962 1339 2088 1396 opp.)
2123 1340 2220 1384 Itin.

254 1397 418 1441 Arbeia
438 1397 673 1456 (Britann.)
704 1401 837 1444 Notit.
861 1403 975 1459 dign.
1014 1405 1254 1449 Arduenna
1275 1407 1401 1450 Caes.
1442 1407 1681 1451 Ordovices
1705 1406 1839 1449 Tacit.
1878 1407 2221 1464 Aoyentoratum,

254 1465 599 1523 Aryentomagus
634 1467 732 1510 Itin.
773 1468 1021 1525 Orgyetorix,
1063 1471 1283 1529 Geryovia
1323 1474 1448 1518 Caes.
1488 1474 1822 1531 Carpentoracte
1862 1473 1990 1532 (opp.
2027 1474 2220 1529 Galliae3

257 1539 517 1588 carpentum,
550 1535 715 1591 carrus)
747 1535 858 1579 Plin.
895 1538 1131 1595 Artobriga
1159 1540 1257 1582 Itin.
1298 1542 1596 1595 Nertomarus,
1634 1542 1875 1586 Esunertus
1907 1548 1986 1584 etc.
2023 1542 2221 1600 Inscript.

256 1597 525 1644 Condercum
555 1600 677 1658 (opp.
708 1601 836 1660 Brit.)
869 1605 1001 1647 Notit.
1037 1607 1182 1661 dignit.
1215 1608 1408 1661 Aulerci,
1443 1606 1626 1651 Cadurci
1658 1609 1783 1653 Caes.
1822 1608 2094 1662 Geminatae,
2125 1609 2219 1653 LL:

252 1665 525 1725 Allobroges,
559 1668 755 1713 Ollovico
789 1670 913 1715 Caes.
953 1673 1190 1717 Vellaunus
1221 1676 1267 1717 in
1296 1676 1679 1730 Vellaunodunum,
1713 1676 2064 1721 Cassivellaunus
2094 1677 2219 1721 Caes.

255 1732 413 1778 Sollius
453 1735 589 1778 Inscr.
630 1752 696 1794 ap.
729 1737 859 1781 Orell.
902 1741 1023 1784 3274.
1072 1742 1324 1786 Condollius
1364 1742 1533 1786 Steiner
1570 1746 1636 1787 31.
1668 1746 1734 1787 45.
1768 1746 1862 1787 997.
1903 1743 2051 1788 Lallus
2089 1744 2218 1799 (nom.

252 1803 371 1859 figuli
399 1804 444 1846 in
473 1804 591 1847 vasis
620 1805 815 1861 figlinis).
861 1807 986 1850 Lalla
1019 1809 1150 1853 Stein.
1191 1813 1285 1853 790.
1331 1811 1491 1853 Aballo
1533 1811 1630 1854 Itin.
1664 1812 1904 1856 Cavarillus
1943 1811 2069 1855 Caes.
2104 1813 2219 1859 MM:

254 1870 472 1915 Commius
504 1871 730 1929 (Atrebas)
763 1873 888 1919 Caes.
927 1878 1028 1920 NN:
1061 1879 1214 1921 Bonna
1235 1879 1342 1921 ‘Itin.
1375 1882 1511 1922 AJnm.
1543 1880 1862 1923 Nemetocenna
1892 1880 2017 1924 Caes.
2057 1881 2222 1926 Sumlo-

253 1954 390 1981 cenna
424 1939 560 1982 Inscr.
600 1941 645 1983 in
682 1943 799 1985 vasis
829 1944 992 2000 figlinis
1025 1945 1396 1990 Soliciniensibus.
1441 1948 1658 2004 Adgonna
1686 1948 1820 1990 Inscr.
1861 1948 1982 1992 Grut.
2017 1950 2143 2003 1621,
2182 1952 2220 1994 8.

250 2006 493 2050 Lemannus
525 2007 599 2062 (cf.
629 2007 938 2060 ..snuavvfsmg
971 2003 1160 2067 κόλγιιὶς,
1206 2015 1324 2057 sinus
1353 2015 1544 2058 Britann.
1576 2031 1643 2071 ap.
1673 2015 1806 2072 Ptol.)
1844 2014 1969 2059 Caes.
2017 2016 2222 2061 Cebenna

253 2073 376 2117 Caes.
408 2075 570 2117 Lucan.
591 2077 756 2119 Auson.
787 2079 1033 2133 Arduenna,
1066 2080 1327 2125 Gobannitio
1361 2082 1485 2126 Caes.
1516 2083 1612 2125 RR:
1646 2097 1790 2126 carrus
1819 2083 1988 2138 (currus
2019 2085 2219 2142 gallicus)

253 2140 376 2185 Caes.
418 2143 614 2186 Ambarri
648 2143 772 2188 Caes.

365 2210 604 2266 Scriptione
635 2228 789 2268 graeca
811 2215 870 2268 rh,
904 2230 1030 2271 quam
1061 2216 1106 2258 in
1128 2218 1378 2272 quibusdam
1409 2224 1456 2260 ut
1479 2219 1663 2271 Rhenus,
1695 2218 1928 2261 Rhodanus
1960 2217 2053 2274 (vix
2073 2220 2217 2273 rheda,

252 2276 362 2318 unde
382 2277 611 2320 Rleedones
645 2286 684 2322 et
705 2281 907 2324 Redones
931 2298 997 2339 ap.
1020 2282 1168 2339 Caes.)
1201 2286 1337 2327 secuti
1365 2292 1463 2327 sunt
1486 2285 1677 2338 Romani,
1709 2300 1790 2328 nec
1811 2285 2075 2342 significatur
2105 2288 2217 2343 apud

251 2351 417 2386 veteres
441 2344 591 2388 Gallos
623 2346 707 2389 iam
735 2348 870 2392 fuisse
901 2350 1179 2393 differentiam
1209 2352 1318 2394 inter
1340 2352 1548 2394 duriorem
1570 2353 1890 2409 mollioremque
1908 2353 2096 2408 liquidae
2119 2369 2218 2410 pro-

250 2410 560 2455 nuntiationem
588 2429 668 2456 nec
699 2416 927 2472 quidquam
949 2419 1089 2474 gallici
1122 2419 1217 2462 som'
1245 2420 1445 2472 redditur,
1479 2435 1573 2461 cum
1602 2420 1694 2462 sine
1715 2420 1741 2462 h.
1770 2420 1815 2462 in
1838 2421 1980 2462 eadem
2003 2421 2217 2477 positione

252 2478 418 2535 scripta
448 2480 533 2522 sint
551 2481 724 2523 nomina
753 2483 908 2539 gallica
926 2485 1097 2540 Ruteni,
1128 2486 1265 2539 Remi,
1295 2486 1513 2529 Roscillus
1544 2487 1786 2541 (Allobrox,
1809 2503 1876 2544 ap.
1900 2486 2026 2531 Caes.
2046 2487 2097 2530 B.
2120 2487 2214 2532 Civ.

252 2546 288 2599 3,
320 2548 397 2599 59;
427 2546 514 2590 hib.
546 2554 631 2591 vet.
662 2564 762 2603 rosc,
796 2553 978 2608 oculus),
1010 2553 1196 2607 Raurici,
1228 2554 1364 2607 Raeti,
1396 2553 1670 2610 Rigomagus,
1702 2554 1978 2611 Rigodulum,
2016 2555 2216 2598 Rotoma—

249 2627 340 2668 gus,
371 2612 585 2671 Rutupiae
617 2622 696 2659 etc.
743 2617 809 2660 De
832 2619 880 2661 M
911 2635 1091 2676 quoque,
1125 2636 1232 2677 quae
1262 2622 1304 2662 in
1327 2621 1477 2664 mediis
1506 2623 1685 2665 vocibus
1717 2622 1901 2664 emollita
1930 2622 2012 2664 iam
2043 2638 2068 2664 a
2096 2629 2215 2665 vetu-

249 2680 326 2721 stis
359 2679 497 2723 Gallis
528 2690 670 2740 potest
700 2685 857 2739 videri,
891 2688 927 2729 si
959 2688 1128 2743 quidem
1157 2703 1309 2730 nomen
1340 2688 1583 2731 Exsomnus
1620 2690 1664 2730 in
1692 2689 1883 2745 inscript.
1913 2689 2106 2745 Magunt.
2146 2705 2212 2746 ap.

249 2745 381 2789 Stein.
413 2749 514 2804 401,
554 2753 667 2807 quod
703 2753 747 2794 in
780 2753 863 2796 alia
893 2755 1075 2810 quadam
1107 2755 1303 2798 scribitur
1333 2755 1540 2798 Exobnus
1573 2756 1705 2800 Stein.
1737 2757 1812 2809 68,
1851 2756 1962 2799 idem
1993 2763 2059 2798 est
2089 2762 2213 2813 atque

246 2814 331 2857 hib.
363 2821 445 2858 vet.
477 2832 650 2873 esomun,
684 2821 836 2863 cambr.
870 2822 1025 2877 ehouyn
1057 2823 1199 2878 (amun
1221 2843 1258 2858 =
1284 2838 1402 2878 ouyn,
1436 2823 1582 2876 timor3
1621 2824 1713 2865 sine
1743 2823 1906 2877 timore,
1938 2824 2210 2881 intrepidus),

247 2883 482 2927 cavendum
503 2893 580 2939 est,
612 2903 665 2928 ne
686 2888 856 2929 nomina
880 2888 1121 2932 Coltnertus
1157 2889 1221 2944 (in
1242 2891 1359 2931 vasis
1390 2891 1553 2946 figlinis
1584 2892 1836 2947 inventum),
1869 2892 1982 2947 quod
2015 2892 2214 2934 scribitur

247 2950 491 2994 Counertus
520 2953 675 2996 Murat.
710 2956 833 3007 2071,
858 2958 902 3007 8,
937 2963 978 2999 et
1010 2956 1262 3000 Coblaunon
1292 2957 1447 3000 Murat.
1486 2960 1610 3010 1493,
1645 2962 1670 3001 9
1702 2959 1936 3014 composita
1964 2966 2088 3015 putes
2120 2974 2212 3001 cum

244 3035 389 3076 praep.
420 3035 538 3062 emm.
598 3022 707 3064 Nam
736 3023 841 3064 illud
871 3025 1051 3079 quidem,
1082 3025 1315 3078 Exomnus,
1347 3025 1459 3068 facili
1484 3027 1712 3069 mutatione
1744 3026 1901 3082 prodiit
1932 3041 1983 3067 ex
2004 3025 2210 3069 Exobnus

245 3087 312 3141 (ut
339 3087 409 3130 lat.
441 3103 614 3141 somnus,
648 3088 856 3131 Samnites
887 3107 938 3133 ex
969 3108 1127 3147 sopnux,
1162 3091 1359 3146 Sahwites,
1392 3094 1459 3135 vel
1491 3095 1641 3136 celtica
1668 3096 1763 3150 ipsa
1783 3093 2020 3136 Dumnorix
2051 3107 2072 3134 e
2093 3093 2210 3135 Dub-

244 3154 411 3208 noreiX,
451 3154 740 3212 Cogidumnus
772 3172 795 3199 e
829 3157 1121 3214 Cogidubnus,
1156 3161 1206 3202 de
1239 3161 1393 3216 quibus
1426 3161 1477 3203 cf.
1510 3161 1665 3204 Glfiek.
1699 3163 1751 3204 69
1773 3161 1908 3217 sqq.);
1946 3160 2028 3203 hoc
2071 3167 2209 3202 autem

243 3237 298 3263 ne
330 3222 383 3264 ad
403 3237 547 3280 praep.
580 3239 684 3265 com-
713 3224 885 3278 referas,
921 3232 1064 3268 vetant
1093 3243 1202 3269 nom.
1223 3234 1306 3269 vet.
1338 3228 1576 3270 Vercobius
1600 3228 1863 3272 orell-2728
1895 3234 1937 3269 et
1958 3227 2090 3270 subst.
2121 3228 2206 3271 hib.

245 3288 314 3330 cob
343 3289 541 3346 frequens
571 3292 615 3333 in
640 3291 859 3348 glossariis
892 3294 1119 3348 veteribus,
1152 3295 1264 3337 idem
1295 3296 1407 3352 quod
1438 3296 1545 3351 gael.
1577 3296 1669 3337 cobh
1704 3295 1914 3349 (victoria,
1936 3294 2206 3351 triumphus),

243 3369 423 3415 quocum
444 3359 681 3418 composita
702 3367 799 3403 sunt
819 3359 1072 3415 Cobnertus,
1106 3361 1357 3406 Coblaunon
1379 3378 1454 3421 pro
1479 3361 1656 3417 (lobon,
1690 3361 1853 3417 Cobol,
1885 3368 1932 3407 ut
1950 3361 2204 3418 Lugdunum
