2336 3736
274 209 327 252 58
370 210 442 251 (69)
799 209 834 253 I.
870 214 904 252 1.
951 222 1189 254 CONSONAE
1221 223 1493 254 rum-:amomi
1524 223 1704 254 MEmAE.

272 331 316 372 in
346 332 533 374 derivato
564 333 752 375 eiusdem
781 333 938 375 radicis
970 333 1068 374 bz‘ad
1094 334 1266 384 (victus)
1297 333 1397 377 Wb.
1433 335 1506 377 l8·.
1545 334 1642 375 biad
1669 334 1726 390 fq.
1760 333 1830 386 (cf.
1859 348 1920 389 gr.
1948 333 2138 388 βίοτος),
2177 348 2228 376 ac

273 398 385 452 quod
416 413 544 454 supra
574 399 714 441 beotlm
745 400 947 456 scriptum
977 402 1310 454 memoravimus,
1342 402 1442 444 alibi
1474 416 1640 457 semper
1669 401 1785 442 betha
1815 408 1892 443 est.

384 464 436 506 In
466 466 560 508 aliis
592 483 613 507 υ
644 483 728 508 una
758 478 850 509 cum
880 467 1017 510 vocali
1047 469 1327 523 praecedente
1360 469 1557 525 deperiit,
1597 475 1641 510 ut
1677 469 1722 510 in
1758 468 2031 524 transumptis
2066 467 2226 523 primit,

270 533 377 588 plur.
412 534 574 588 primiti
614 534 885 589 (primitivus)
923 534 1020 577 Wb.
1059 536 1134 578 13⁸.
1185 538 1307 591 posit,
1349 538 1563 591 comparit,
1601 537 1771 591 θηρῶ-[ἄ
1816 535 2072 592 (positivus,
2116 548 2228 576 com-

270 599 508 655 parativus,
550 601 860 656 superlativus)
900 592 1185 660 Sg.,'quibus
1224 603 1369 645 nescio
1410 619 1464 644 an
1493 603 1688 645 addenda
1725 603 1812 645 sint
1841 609 1883 645 et
1911 605 1954 644 ἑο
1983 601 2148 656 (mors):
2186 615 2229 642 ec

270 665 319 708 L.
341 666 499 723 Hymn.
524 683 589 724 ap.
613 667 779 710 O³Don.
805 670 872 719 64,
905 682 999 724 gen.
1028 685 1097 710 eea
1128 669 1267 713 Corm.
1291 677 1346 722 [v.
1379 670 1588 724 audac-let),
1621 677 1663 712 et
1692 671 1771 722 dea,
1802 671 1888 711 cleas
1918 669 2112 723 (dexter),
2142 668 2229 711 col-

270 733 357 774 lata
386 748 479 775 cum
511 750 623 776 corn.
656 751 784 776 cuzcou
816 735 933 787 Vos„
966 738 1119 778 cambr.
1151 738 1309 792 anyheu
1336 737 1472 789 Mab„
1505 743 1546 778 et
1577 737 1668 780 brit.
1700 738 1842 790 debon,
1871 737 2007 778 slehen.

382 799 580 857 Denique
609 817 783 858 prorsus
814 803 940 859 periit
967 819 990 843 v
1021 809 1118 859 post
1139 818 1368 846 consonam
1397 811 1564 860 praeter
1592 810 1841 846 memoratas
1874 805 1899 853 l,
1931 819 1966 856 r,
1999 820 2036 856 n,
2069 804 2098 844 d
2127 818 2229 859 qua-

269 868 531 924 lemcunque,
564 875 608 911 ut
635 878 734 925 post
754 885 775 911 c
805 874 902 926 (qv),
933 871 984 913 de
1016 886 1100 926 qua
1129 870 1238 912 infra
1260 871 1369 913 inter
1387 877 1538 914 tenues
1569 871 1811 925 disseretur,
1840 878 1940 928 post
1959 887 1988 923 ⁸,
2022 870 2230 926 siquidem

267 935 445 977 vocibus
476 936 704 980 hibernicis
734 940 774 977 δέ
803 940 932 990 (sex),
971 940 1009 978 si
1036 942 1160 992 (vos),
1191 947 1284 980 sant
1314 939 1580 995 (cupiditas),
1620 941 1708 980 sim·
1740 940 1893 993 (soror)
1926 937 2230 994 supponendae

268 1008 368 1044 sunt
383 1002 551 1051 ,formae
580 1004 835 1046 vetustiores
864 1018 958 1046 ovem
989 1006 1160 1058 (cambr.
1193 1006 1358 1059 clmeelz,
1390 1011 1433 1048 at
1461 1006 1533 1047 lat.
1564 1021 1644 1059 aar,
1676 1013 1760 1061 got.
1791 1007 1938 1059 saihs),
1975 1007 2031 1046 wi
2058 1005 2228 1057 (cambr.

268 1069 399 1122 clzwz‘),
429 1078 547 1111 suant
576 1072 746 1123 (cambr.
779 1073 972 1126 clm-ant),
1004 1073 1131 1125 sciar,
1162 1076 1294 1115 svesa-r
1325 1073 1496 1126 (cambr.
1526 1074 1704 1127 chennor,
1735 1088 1896 1117 sanscr.
1927 1073 2060 1125 socier,
2101 1086 2228 1129 germ.

265 1144 440 1189 swestar,
471 1143 513 1179 at
542 1138 646 1181 slav.
675 1148 800 1181 δεθέντι
833 1147 874 1181 et
902 1141 973 1182 lat.
1002 1142 1152 1193 soror)3
1184 1141 1268 1183 nisi
1299 1142 1412 1198 quod
1432 1141 1641 1184 interdum
1670 1157 1689 1181 s
1719 1141 1883 1184 abiecta
1914 1140 2056 1196 potius
2076 1139 2115 1194 f
2139 1154 2228 1181 ser-

267 1210 407 1246 vatam
437 1219 532 1246 esse
564 1213 739 1262 apparet
769 1222 821 1248 ex
851 1207 916 1249 his
948 1208 1172 1264 exemplis:
1214 1204 1406 1266 morfeser
1435 1203 1645 1265 (morsdser
1675 1209 1700 1250 i.
1733 1224 1771 1265 q.
1802 1209 2020 1260 νηόνὲέεεν,
2050 1221 2229 1263 magnus

269 1271 491 1325 seviratus,
514 1272 539 1313 i.
560 1288 594 1314 e.
619 1280 781 1329 septem
801 1274 898 1326 viri)
916 1275 964 1316 L.
981 1275 1127 1317 Ardm.
1150 1278 1212 1318 18.
1231 1292 1266 1317 a.
1285 1278 1323 1317 2.
1344 1278 1519 1330 moflm,
1542 1276 1704 1330 mofiar
1720 1276 1856 1330 (soror
1871 1277 1980 1328 mea)
2002 1274 2052 1316 L.
2070 1271 2226 1330 Hymn.

268 1336 414 1391 (Beitr.
444 1338 478 1383 I.
509 1340 627 1393 338),
668 1341 820 1396 quibus
851 1343 1047 1385 addenda
1076 1358 1173 1386 esse
1207 1344 1401 1386 videntur
1419 1345 1554 1400 farn,
1586 1344 1688 1385 barn
1720 1345 1898 1399 (vester)
1924 1348 1968 1385 et
1995 1355 2229 1398 pronomen

268 1405 291 1446 b
322 1408 445 1460 (vos).

1138 1524 1352 1566 Mediae.

380 1580 431 1651 B
466 1580 531 1652 D
557 1579 629 1651 G.
690 1612 742 1655 In
771 1613 950 1656 vetustis
981 1614 1221 1656 nominibus
1243 1614 1408 1670 gallicis
1439 1615 1508 1657 vel
1529 1614 1789 1657 britannicis.
1843 1613 2111 1669 singulares:
2143 1611 2229 1654 Ba-

265 1692 415 1733 gacum
434 1676 531 1728 Itin.
555 1678 718 1732 Gabali,
742 1681 967 1723 Atrebates
991 1680 1116 1724 Caes.
1145 1680 1385 1734 *Cobnertus
1409 1683 1565 1738 (comp.
1590 1680 1769 1736 Cob-n.)
1791 1681 1925 1725 Inscr.
1958 1681 2128 1733 Divico,
2150 1679 2229 1722 Di-

265 1746 447 1787 vitiacus
469 1744 595 1789 Caes.
627 1747 899 1790 Adiatunnus
923 1746 1048 1790 Caes.
1084 1748 1242 1792 Seduni
1266 1748 1390 1792 Caes.
1421 1749 1640 1793 Boudicca
1660 1748 1760 1791 Tac.
1792 1749 2048 1792 Adbucillus
2071 1748 2228 1805 (comp.

268 1814 425 1867 Ad-b.)
459 1812 585 1857 Caes.
629 1814 941 1870 Vodgoriacum
978 1815 1078 1869 (loc.
1109 1815 1255 1872 Belg.;
1296 1831 1481 1872 compos.
1518 1816 1725 1873 Vod-g.?)
1762 1816 1861 1858 Itin.
1905 1812 2104 1868 Genava,
2141 1811 2229 1857 Gu-

266 1887 430 1923 truatus
464 1880 588 1923 Caes.
627 1882 774 1938 Liyer,
807 1882 1021 1939 Seffovax,
1055 1882 1317 1940 Seqontviaci,
1350 1881 1575 1939 Seyusiani
1613 1882 1739 1926 Caes.
1784 1883 2033 1939 Luydunum
2072 1882 2228 1939 (comp.

267 1948 447 2005 Lug-d.)
487 1948 587 1991 Tac.
627 1949 724 1991 Itin.
784 1951 960 1992 Iunctae
998 1951 1197 1993 consonis
1230 1951 1343 1994 aliis:
1386 1950 1612 1992 Blavutum
1644 1951 1808 2007 (oppid.
1841 1950 1954 1993 Gall.
1986 1949 2228 2005 occident.),

267 2016 613 2058 Blaboriciacum
646 2020 763 2073 (opp.
797 2018 975 2071 Norici),
1008 2018 1216 2060 Blestium
1246 2019 1365 2075 (opp.
1395 2017 1523 2073 Brit.)
1553 2017 1651 2059 Itin.
1682 2017 1953 2073 Brigantium
1981 2017 2082 2060 Itin.
2131 2017 2230 2059 Bri-

264 2090 412 2141 gantes
455 2086 581 2140 (pop.
613 2084 749 2138 Brit.)
790 2085 889 2127 Tac.
944 2086 1196 2141 Brogitarus
1237 2085 1328 2128 Cic.
1382 2085 1636 2140 Allobroges
1678 2084 1803 2128 Caes.
1860 2085 2060 2141 Drappes
2103 2083 2228 2129 Caes.

274 2147 583 2205 Glannoventa,
614 2153 913 2208 Ambogylanna
934 2153 1113 2208 (oppida
1131 2152 1260 2207 Brit.)
1281 2152 1413 2194 Notit.
1437 2153 1551 2208 dign.
1590 2152 1894 2209 Boduoynatus
1917 2152 2042 2196 Caes.
2079 2149 2230 2194 Graio-

266 2218 359 2271 celi,
398 2216 699 2262 G'rudiiCaes.
740 2220 1046 2276 AlbaVopisc.
1086 2220 1330 2263 Tolbiacum
1358 2219 1457 2262 Tac.
1496 2219 1715 2272 Ambiani,
1755 2220 1994 2272 Ambiorix,
2036 2219 2230 2262 Ambarri

266 2284 388 2327 Caes.
440 2285 758 2329 Cambodunum
779 2287 875 2329 ltin.
916 2287 1077 2330 Arbeia
1107 2287 1320 2342 (Britann.
1342 2288 1461 2344 opp.)
1492 2287 1623 2329 Notit.
1647 2288 1760 2344 dign.
1791 2287 1977 2329 Verbeia
2006 2287 2126 2343 (dea)
2158 2287 2229 2330 In—

266 2352 409 2408 script.
450 2352 579 2396 Orell.
614 2355 737 2396 2061.
786 2356 1098 2398 Sorbiodunum
1135 2356 1300 2412 (oppid.
1336 2355 1463 2409 Brit.)
1502 2355 1601 2396 Itin.
1647 2354 1818 2397 Meldae
1859 2353 1986 2397 Caes.
2033 2354 2232 2398 Gelduba

264 2419 375 2461 Plin.
415 2419 516 2462 Tac.
556 2423 725 2475 Andes,
763 2423 1132 2465 Andecumborius
1170 2422 1295 2466 Caes.
1343 2423 1732 2475 Andematunnum,
1767 2422 2104 2465 Andecamulum
2131 2422 2228 2465 Itin.

263 2486 524 2530 Vindonissa
566 2489 662 2531 Itin.
728 2492 964 2533 Arduenna
1007 2489 1133 2534 Caes.
1194 2489 1432 2533 Ordovices
1479 2488 1578 2532 Tac.
1653 2488 1867 2546 Galyacus
1911 2488 2012 2532 Tac.
2071 2488 2230 2545 Belyae

265 2554 390 2598 Caes.
427 2555 658 2611 Linyones,
691 2557 938 2614 Cinyetorix
967 2556 1093 2601 Caes.
1133 2556 1379 2613 Oryetorix,
1414 2555 1632 2612 Geryovia
1662 2555 1787 2600 Caes.
1833 2556 2067 2613 Tasyetius,
2097 2555 2231 2599 Mori-

263 2629 405 2679 tasyus
428 2622 553 2667 Caes.
580 2618 823 2676 ‘Pop'o'yd'mc
859 2625 977 2681 (pop.
999 2624 1200 2678 Hibern.)
1231 2623 1340 2666 Ptol.
1363 2624 1597 2680 Duplices3
1629 2623 1724 2667 BB:
1754 2624 1883 2667 Abbo
1915 2623 1981 2677 (in
1999 2638 2090 2666 vas.
2119 2623 2228 2678 figl.)

263 2691 399 2733 Inscr.
429 2691 627 2734 Abbatus
659 2692 734 2735 Sil.
767 2692 858 2733 Ital.
900 2692 958 2747 (4,
991 2692 1092 2745 2393
1131 2692 1207 2733 sed
1237 2691 1363 2733 lectio
1393 2692 1576 2744 incerta,
1609 2707 1703 2735 cum
1733 2691 1805 2734 alii
1835 2691 1980 2747 legant
2009 2697 2053 2732 at
2075 2690 2227 2744 Batus,

265 2758 429 2800 Acatus
462 2760 578 2811 etc)
622 2758 726 2801 DD:
759 2760 915 2803 Addua
946 2759 1082 2811 (fluv.;
1114 2759 1189 2801 sed
1217 2759 1432 2801 Aduatuci
1463 2758 1608 2811 Caes.)
1638 2759 1739 2801 Tac.
1769 2758 1880 2801 Plin.
1938 2758 2011 2801 Ad
2039 2757 2080 2800 D
2109 2763 2229 2800 nota-

267 2831 354 2866 tum
384 2825 542 2867 lineola
571 2841 663 2881 per<
650 2826 787 2879 ducta,
822 2827 873 2869 de
895 2842 977 2882 quo
998 2826 1108 2868 infra
1136 2826 1245 2868 inter
1266 2826 1475 2882 aspiratas
1498 2826 1739 2879 disseretur,
1770 2825 1983 2882 pertinere
2012 2825 2226 2868 videntur:

265 2891 438 2934 Meddic
475 2893 610 2948 (figuli
639 2895 810 2947 nomen)
862 2894 996 2937 Stein.
1041 2893 1133 2936 cod.
1174 2892 1366 2949 inscript.
1403 2893 1572 2935 Danub.
1613 2900 1654 2935 et
1690 2893 1831 2936 Rheni
1869 2893 1964 2935 207.
2001 2893 2093 2935 219.
2131 2893 2228 2949 224.

266 2959 585 3014 Meddi-gnatius
627 2961 721 3014 (sed
748 2961 986 3003 Medivixta
1024 2961 1145 3004 Grut.
1179 2962 1272 3014 795,
1305 2963 1354 3015 8)
1392 2960 1526 3003 Inscr.
1560 2960 1688 3003 Orell.
1721 2961 1844 3008 2064.
1889 2959 2158 3003 Coddacatus
2176 2946 2228 3014 (?)

266 3026 402 3068 Inscr.
439 3027 613 3070 Vesont.
648 3027 778 3070 Or.ell
811 3029 932 3070 2064.
985 3027 1089 3071 GG.
1122 3027 1407 3084 Setuboggi-us
1437 3027 1618 3084 Esuggii
1647 3027 1705 3072 fil.
1736 3027 1832 3079 (sed
1858 3025 2142 3082 Vercombogi
2169 3023 2228 3068 fi'l.

268 3093 389 3137 Grut.
429 3096 523 3146 758,
558 3097 621 3137 11.
662 3096 1010 3151 Abrextubogius
1047 3095 1202 3138 Murat.
1243 3096 1308 3147 22,
1340 3097 1377 3137 5.
1437 3095 1662 3151 Adbogius
1701 3094 1833 3138 Stein.
1882 3094 1990 3147 440)
2028 3092 2227 3150 Inscript.

266 3161 462 3203 Ambian
498 3161 627 3204 Orell
661 3163 782 3204 2062
828 3162 1035 3218 Flaniggo
1067 3162 1263 3219 Inscript.
1294 3163 1411 3205 Brix.
1443 3161 1570 3205 Orell
1607 3163 1729 3205 3543.

379 3227 615 3270 Mediarum
653 3229 961 3272 hibernicarum
1007 3235 1173 3271 status
1215 3230 1373 3272 durus
1418 3230 1463 3271 in
1499 3229 1679 3271 vetustis
1716 3227 1934 3271 codicibus
1980 3242 2067 3270 non
2104 3227 2227 3271 modo

268 3295 396 3346 (sicut
424 3296 675 3351 liquidarum
707 3303 749 3339 et
779 3297 979 3352 spirantis
1015 3300 1058 3350 8)
1099 3297 1380 3353 geminatione
1412 3297 1690 3353 significatur,
1722 3295 1971 3353 praesertim
2007 3294 2053 3337 in
2082 3294 2228 3338 codice

269 3360 356 3417 Sg.,
388 3362 464 3404 sed
486 3363 610 3405 etiam
638 3364 790 3419 positis
821 3364 1050 3406 mediarum
1080 3365 1174 3407 loco
1206 3364 1416 3418 tenuibus,
1447 3364 1642 3406 nimirum
1663 3364 1715 3407 ob
1738 3362 1947 3406 duriorem
1975 3361 2223 3419 pronuntia·
2284 3418 2287 3420 -
