2336 3736
489 230 541 273 V.
574 233 610 273 2.
657 242 932 275 COMPOSH'IO
962 243 1213 274 amasium
1243 245 1607 277 PARTIGULARUM.
1705 235 1913 276 (827-829)
1959 235 2041 277 859

88 353 164 409 (gl.
201 352 376 405 sinceri3
424 367 446 394 e
483 353 615 394 subst.
648 355 995 405 diucidonhracht,
1036 354 1218 411 simplex
1257 356 1473 411 voluntas)
1505 355 1602 399 Wb.
1635 358 1715 398 ⁵23⁶.
1766 357 2045 399 machinvarcde

89 419 166 474 (gl.
199 427 424 475 augustus3
458 434 479 460 e
511 421 644 460 subst.
666 422 905 473 mathomi-0,
938 421 992 476 gl.
1016 422 1167 475 augur)
1199 421 1270 477 Sg.
1292 424 1374 466 60&

199 488 236 527 6.
283 486 687 528 Adiectivorum
721 502 830 528 cum
859 488 1042 529 verbis
1077 488 1329 542 compositio
1360 492 1492 532 rarior
1513 499 1589 536 est,
1623 491 1733 531 sicut
1755 491 2043 532 substantivo·

85 567 175 594 rum
207 567 302 594 cum
323 551 476 594 verbis.
529 552 689 595 Referri
720 562 860 596 tamen
893 560 1090 609 poterunt
1108 555 1210 597 huc:
1243 559 1358 598 mani
1375 557 1657 598 cciinm'rctcfwr
1688 556 1792 611 (nisi
1816 557 1922 598 bene
1943 571 2044 598 con-

85 620 254 674 formet)
287 618 383 661 Wb.
413 618 465 660 5³.
521 621 734 674 ca‘ineporr
774 621 849 676 (gl.
883 622 990 663 bene
1021 621 1193 668 dieitur,
1232 628 1316 663 tam
1355 638 1380 665 a
1411 623 1548 678 poetis
1579 638 1703 678 quam
1735 639 1759 664 a
1790 624 1883 664 sine
1913 629 2044 673 metro

87 686 393 737 scribentibus,
434 686 504 728 hic
533 686 654 728 homo
695 695 737 729 et
766 689 888 730 homo
919 687 1010 741 hic)
1050 688 1123 743 Sg.
1147 689 1255 731 215⁴.
1303 690 1520 732 madbocht
1564 691 1625 745 (A.
1652 689 1779 731 maim
1805 689 2042 744 roboinyed,

85 754 194 795 bene
224 767 405 795 messum
439 751 523 806 est)
561 753 633 795 ΒΓ.
654 753 693 796 h⁴
717 756 783 796 29.
844 753 1004 797 Contra
1035 757 1074 796 in
1107 756 1279 798 airdben
1309 756 1553 812 (interimit)
1583 763 1625 799 et
1655 755 1865 798 similibus
1896 756 2041 798 formis

86 820 311 862 statuenda
342 819 507 861 videtur
538 821 694 876 duplex
727 821 986 875 praepositio
1017 824 1165 865 (ιν-(ἐὺ.

199 889 237 929 7.
282 887 528 928 Numeralia
558 903 652 928 cum
683 888 963 931 substantivis
996 889 1063 931 vel
1083 890 1306 932 adiectivis
1327 892 1575 946 composita,
1608 905 1653 932 ut
1684 897 1799 933 esset
1817 890 2039 933 formarum

85 953 312 994 eorundem
345 954 491 996 eodem
517 955 607 996 loco
641 969 747 996 unus
779 961 1049 1010 conspectus,
1082 971 1211 1012 supra
1232 963 1475 999 enumerata
1495 964 1597 999 sunt
1623 958 1686 1007 (p.
1710 958 1788 1000 301
1814 957 1942 1013 sqq.)

554 1133 603 1176 B.
653 1133 970 1176 pronomina
1000 1141 1049 1176 et
1076 1135 1236 1177 verba
1265 1136 1571 1191 composita,

197 1221 335 1278 Supra
365 1231 610 1264 enumerata
641 1233 740 1264 sunt
768 1222 1019 1278 pronomina
1049 1237 1191 1266 secum
1222 1224 1291 1267 vel
1319 1225 1429 1267 inter
1459 1240 1506 1267 se
1542 1226 1780 1281 composita
1818 1234 1873 1280 ut,
1900 1242 2046 1282 perso-

83 1287 246 1330 nalium
277 1288 542 1344 emphaticae
574 1293 731 1332 formae
759 1291 912 1340 santoni,
941 1290 1034 1331 sissi
1060 1291 1122 1346 (p.
1145 1291 1272 1346 325),
1312 1292 1646 1335 demonstrativa
1674 1294 1780 1343 side,
1809 1295 1939 1343 sodin,
1969 1296 2047 1337 ade

85 1355 149 1411 (p.
174 1357 255 1398 349
285 1356 382 1412 sq.),
401 1357 536 1413 pron.
567 1357 648 1400 adi.
681 1358 762 1399 aile
789 1356 942 1412 (alius)
979 1364 1062 1400 tam
1094 1371 1238 1400 secum
1275 1373 1399 1414 quam
1438 1375 1532 1402 cum
1563 1359 1863 1403 substantivis:
1910 1362 2048 1414 amite,

82 1423 344 1465 indalarann
385 1431 463 1467 etc.
507 1423 598 1480 (pp.
630 1425 902 1479 358-360).
963 1423 1069 1468 Item
1107 1425 1160 1468 de
1190 1427 1429 1482 composita
1456 1427 1654 1470 formula:
1690 1428 1885 1481 fadesin,
1912 1430 2048 1481 sesain

84 1489 222 1546 (ipse)
250 1490 336 1533 vid.
368 1506 408 1547 p.
432 1492 526 1533 366.

200 1557 383 1601 Verbum
414 1573 511 1600 cum
534 1560 665 1601 verbo
695 1575 779 1602 non
802 1561 1084 1616 componitur.
1143 1560 1346 1603 Eiusdem
1378 1576 1472 1603 cum
1493 1561 1664 1603 nomine
1684 1563 1909 1618 compositi
1933 1571 2049 1608 esset

83 1625 322 1681 exemplum
343 1625 625 1668 hibernicum:
655 1626 848 1672 illi-emat}
870 1627 1065 1681 (edaces3
1100 1628 1214 1670 verb.
1233 1630 1362 1681 ithim,
1395 1628 1450 1685 gl,
1473 1628 1639 1680 mando,
1668 1627 1742 1684 Sg.
1766 1636 1807 1671 et
1828 1630 1909 1673 adi.
1933 1631 2045 1686 ma'r)

88 1692 184 1736 Wb.
207 1693 288 1745 31⁶,
319 1693 403 1735 nisi
435 1693 577 1749 potius
609 1700 725 1736 esset
755 1694 1002 1737 derivatum.

679 1874 727 1918 C.
774 1874 1075 1918 Particulae
1108 1876 1443 1931 compositae.

191 1965 500 2021 Frequentiora
546 1966 699 2008 ceteris
738 1967 934 2009 omnibus
981 1973 1082 2007 sunt
1120 1967 1359 2021 composita
1407 1980 1501 2007 cum
1540 1967 1781 2021 particulis,
1830 1983 1853 2009 e
1890 1969 2046 2024 quibus

81 2033 288 2089 quaedam
319 2048 404 2074 non
427 2033 700 2074 inveniuntur
730 2032 813 2075 nisi
844 2033 887 2074 in
911 2032 1233 2091 compositione,
1264 2033 1373 2075 aliae
1403 2048 1489 2074 non
1510 2033 1645 2075 solum
1676 2036 1939 2090 compositae
1970 2036 2046 2079 sed

80 2101 208 2143 etiam
239 2106 358 2143 extra
387 2100 739 2156 compositionem
772 2105 1007 2156 separatae.
1067 2099 1187 2152 Illae,
1217 2115 1327 2155 quae
1361 2100 1558 2143 dicuntur
1587 2101 1918 2155 inseparabiles,
1950 2118 2046 2145 cum

82 2169 188 2213 solis
218 2169 307 2212 fere
337 2168 581 2210 nominibus
612 2167 885 2223 compositae,
916 2167 998 2209 hoc
1029 2167 1195 2209 demum
1225 2167 1319 2210 loco
1351 2168 1662 2211 enumerandae
1693 2178 1803 2211 sunt.
1865 2169 2046 2226 Separa-

81 2236 229 2280 bilium
258 2236 559 2292 particularum
591 2251 668 2278 seu
697 2235 1076 2291 praepositionum,
1112 2249 1220 2290 quae
1252 2243 1339 2277 tam
1369 2250 1466 2278 cum
1486 2236 1671 2288 nomine,
1705 2242 1746 2277 et
1777 2238 2045 2281 substantivo

83 2311 127 2346 et
157 2304 383 2356 adiecffivo,
415 2319 538 2360 quam
570 2318 663 2345 cum
694 2304 824 2345 verbo
856 2302 1210 2359 compositionem
1240 2304 1400 2355 ineunt,
1433 2318 1563 2360 supra
1594 2302 1674 2345 iam
1706 2297 2042 2348 enumeratarum

79 2371 159 2414 hoc
187 2372 282 2413 loce
304 2371 461 2413 formae
492 2377 564 2413 aut
592 2371 777 2422 eaedem,
812 2370 848 2411 si
871 2377 1104 2424 servantur,
1135 2372 1285 2415 iterum
1307 2377 1379 2414 aut
1402 2369 1599 2423 variatae,
1632 2371 1676 2412 in
1698 2386 1803 2427 quas
1825 2379 2047 2416 transeunt

80 2438 254 2493 saepius
286 2438 329 2481 in
361 2438 682 2495 compositione,
717 2438 994 2494 exponendae
1024 2446 1134 2482 sunt.

614 2602 672 2661 Ἰ.
721 2617 1033 2661 Particulae
1063 2618 1483 2674 inseparabiles.

196 2709 387 2752 Possunt
425 2708 607 2750 discerni
647 2709 881 2765 particulae
918 2709 1174 2765 privativae,
1217 2708 1453 2764 qualitatis,
1494 2709 1747 2752 intensivae.
1805 2708 2049 2753 Privativae

81 2778 316 2834 particulae
338 2776 575 2833 exemplum
609 2783 819 2819 vetustum
842 2776 1043 2833 gallicum
1064 2777 1254 2818 continet
1283 2791 1437 2818 nomen
1460 2777 1682 2820 Ancalites
1706 2776 1849 2828 Caes,
1881 2776 1917 2818 si
1948 2791 2050 2819 con-

82 2844 215 2888 fertur
243 2860 398 2887 nomen
430 2843 604 2887 Caletes
644 2844 715 2898 (cf.
748 2859 873 2886 arem.
906 2845 1003 2887 hod.
1031 2843 1156 2896 halet,
1192 2844 1333 2894 scaled,
1368 2844 1517 2897 durus,
1554 2845 1721 2897 firmus,
1759 2844 1915 2887 cambr.
1950 2843 2048 2886 hod.

83 2913 210 2961 valed,
244 2917 327 2954 vet.
358 2913 480 2964 calm,
513 2912 555 2967 gl
601 2912 739 2964 darili,
770 2911 923 2965 be.),
964 2911 1145 2954 fortasse
1176 2912 1372 2954 Andarta
1401 2911 1474 2967 (cf.
1505 2918 1646 2954 tamen
1683 2927 1724 2968 p.
1754 2912 1860 2966 867)
1887 2911 2048 2963 Inscr.;

81 2979 228 3021 eodem
266 2979 454 3036 pertinet
492 2994 560 3018 esc-
600 2979 643 3020 in
681 2979 852 3021 nomine
881 2978 1109 3031 Exobnus,
1140 2977 1383 3032 Exomnus,
1424 2986 1467 3021 et
1494 2978 1678 3022 fortasse
1716 2979 1762 3020 in
1790 2978 2047 3035 Excingilla‚

79 3045 420 3090 Excincomarus
454 3046 542 3101 (pp.
572 3048 639 3088 47.
675 3046 790 3101 125).
852 3046 1092 3089 Particulae
1134 3046 1352 3102 qualitatis
1383 3061 1449 3088 su-
1488 3038 1640 3101 (bene)
1682 3047 1817 3101 magis
1853 3046 2049 3088 minusve

80 3121 197 3155 certa
227 3120 372 3156 extant
403 3113 598 3166 exempla
628 3114 671 3155 in
701 3114 945 3156 nominibus
977 3113 1182 3165 Sucarus,
1217 3109 1494 3166 Suessiones,
1527 3112 1684 3163 Suasa,
1717 3113 1926 3156 Suanetes
1957 3113 2048 3169 (pp.

84 3182 145 3222 14.
170 3181 235 3222 93.
265 3180 376 3235 122).
437 3180 719 3236 Frequentior
747 3182 902 3224 ceteris
935 3188 999 3223 est
1029 3180 1245 3222 intensiva
1274 3181 1483 3237 particula
1513 3195 1623 3234 veru,
1655 3188 1703 3222 ut
1731 3181 1773 3222 in
1806 3180 1894 3222 his:
1943 3179 2048 3222 Ver-

79 3248 185 3304 agri,
207 3247 636 3291 Vercassivellaunus
660 3248 732 3301 (cf.
759 3247 1148 3302 Cassivellaunus),
1170 3246 1497 3303 Vercingetorix
1518 3246 1590 3301 (cf.
1611 3246 1883 3302 Cingetorix)
1907 3246 2048 3299 Caes„

7 3368 9 3370 -
79 3313 367 3356 Vercundaris
408 3313 504 3358 Liv.
543 3315 664 3372 (epit.
693 3316 813 3371 137),
855 3315 1200 3357 Vertacomacori
1231 3313 1361 3362 Plin..
1402 3323 1622 3369 vertragus
1661 3314 1732 3368 (cf.
1772 3329 1839 3369 pp.
1875 3317 1914 3355 4,
1951 3313 2048 3368 145)

78 3380 278 3434 Martial.‚
310 3381 581 3426 Vernemetis
621 3382 797 3426 venant.
827 3382 967 3435 Fort.,
997 3382 1319 3435 Vel-nemetum,
1351 3380 1582 3424 Verlucion
1615 3381 1712 3424 Itin.
1744 3383 1845 3424 Ant.
1909 3381 1955 3422 ln
1985 3382 2048 3423 in·-
