2336 3736
277 228 428 272 XXX·
457 228 744 271 <XL111—XLV)
1005 240 1258 272 Pramum-10
1288 240 1525 272 Auoroms.

280 351 463 407 scriptor
491 351 703 393 recentior
731 351 1040 394 recentioribus
1070 352 1319 407 plerumque
1349 352 1679 404 commutaverit,
1709 351 1834 394 facile
1857 353 2119 407 crediderim,
2151 363 2235 397 tam

278 425 331 467 ob
365 425 483 467 locos
513 424 583 466 hic
612 425 701 467 illic
732 439 888 466 vacuos
918 424 1091 466 relictos
1122 440 1147 466 a
1177 425 1507 477 transcribente,
1541 425 1612 480 qui
1642 440 1729 467 non
1758 425 2026 482 intellegeret
2056 432 2235 478 vetusta,

279 513 402 554 quam
448 498 500 539 ob
540 496 696 539 formas
731 512 883 539 vocum
925 496 1187 553 quarundam
1225 483 1415 540 vetustas
1453 513 1539 540 non
1575 504 1725 539 tactas.
1785 496 1870 540 Sed
1905 512 1986 540 nec
2014 497 2239 540 formarum

279 571 643 625 grammaticarum
681 571 814 612 maior
846 585 944 626 pars
981 584 1061 611 nec
1093 569 1229 611 codex
1267 571 1360 625 ipse
1390 571 1500 612 ultra
1531 570 1747 613 saeculum
1778 570 2075 613 duodecimum
2104 585 2240 614 remo·

278 643 366 685 veri
402 649 557 699 potest.
617 643 698 685 Est
727 643 909 686 fortasse
939 643 1149 685 recentior
1179 643 1326 696 codex,
1360 658 1453 685 cum
1484 643 1527 685 in
1561 658 1610 685 eo
1643 643 1700 685 sit
1729 657 1866 685 sermo
1898 643 1950 685 de
1979 644 2239 687 Normannis

279 717 439 772 Anglia
467 717 616 773 potitis
656 716 723 759 his
754 717 898 759 verbis
928 715 972 757 in
1004 731 1044 772 p.
1072 717 1155 758 17¹²:
1206 711 1310 759 ‘tres
1348 716 1527 772 legitimi
1557 716 1717 758 milites
1746 717 2080 778 nor—mannigene
2120 717 2241 760 diffa-

218 776 219 779 Ἴ
279 789 378 831 mati
410 797 507 832 sunt
536 789 715 832 nimium
744 789 1111 842 insidiasyfecisse
1146 789 1361 832 Willelmo
1392 789 1566 845 antiquo
1595 789 1687 845 regi
1718 789 1860 844 anglie
1892 796 1990 846 post
2019 790 2240 833 uictoriam

277 862 462 905 habitam
492 863 536 905 in
567 863 718 919 anglos
748 863 791 906 in
822 862 958 919 primo
989 855 1245 905 certamine-³
1319 862 1413 904 Iam
1444 861 1632 905 Owenus
1663 862 1728 917 (in
1758 862 1840 905 leX.
1873 863 1937 905 ed.
1974 864 2080 906 1803
2110 862 2242 919 praef.

280 951 323 992 p.
354 935 476 989 VIII,
508 936 580 978 ubi
610 936 718 979 liber
747 935 971 978 continens
1002 935 1320 978 vocabularium
1352 934 1505 977 dicitur
1533 934 1642 977 liber
1671 935 1992 988 Laudavensis,
2024 941 2070 978 ut
2099 951 2125 979 a
2152 935 2243 979 Da.—

279 1009 370 1051 'vies
414 1009 484 1065 qui
516 1010 560 1052 in
589 1009 729 1052 lexico
761 1008 968 1065 quasdam
1000 1022 1128 1051 voces
1160 1023 1213 1051 ex
1243 1023 1293 1051 eo
1322 1007 1502 1064 profert,
1533 1007 1784 1051 confusione
1815 1006 1964 1063 credo)
2002 1024 2095 1052 eum
2127 1008 2244 1052 attri-

280 1081 373 1124 buit
403 1082 576 1125 saeculo
615 1082 879 1126 duodecimo.
937 1082 1097 1125 Nescio
1127 1081 1247 1134 inde,
1287 1095 1395 1137 quae
1426 1080 1533 1122 ratio
1564 1079 1782 1124 seduxerit
1816 1080 1931 1124 viros
1970 1082 2243 1126 doctissimos

280 1152 478 1200 Courson
508 1163 551 1198 et
581 1155 891 1211 Villemarque,
929 1162 974 1200 ut
1003 1155 1260 1198 affirmarent
1291 1153 1464 1210 saepius
1495 1154 1542 1212 in
1570 1153 1772 1210 operibus
1803 1154 1907 1208 suis,
1940 1170 2033 1197 eum
2064 1169 2167 1212 prae
2197 1170 2245 1199 se

277 1226 388 1270 ferre
418 1243 573 1274 annum
605 1229 700 1270 882.

391 1300 445 1344 In
473 1301 611 1344 fronte
648 1301 811 1344 codicis
840 1301 1012 1357 legitur:
1073 1295 1310 1343 ‘Elenchus
1342 1305 1638 1342 contentorum
1675 1299 1719 1342 in
1749 1299 1832 1343 hoc
1862 1300 2022 1344 codice.
2086 1302 2122 1342 1.
2156 1299 2247 1344 Ka-

278 1373 529 1416 lendarium;
589 1376 627 1416 2
660 1374 988 1416 vocabularium
1019 1373 1482 1418 Latino-Cambricum.
1543 1373 1581 1415 3.
1619 1371 1688 1415 De
1720 1372 1806 1416 situ
1833 1372 2140 1427 Brecheniauc,
2171 1373 2246 1418 ubi

278 1447 487 1502 quaedam
543 1448 699 1491 veteris
753 1448 957 1490 historiae
1011 1447 1276 1491 Cambricae.
1363 1448 1404 1491 4.
1458 1445 1583 1488 Vitae
1637 1445 1888 1489 Sanctorum
1933 1442 2242 1490 Wallensium.'

278 1518 491 1573 Quamvis
522 1521 593 1563 hic
624 1521 779 1563 dicitur
809 1521 1068 1563 cambricum
1100 1520 1416 1563 vocabularium
1447 1520 1567 1575 (ante
1598 1519 1691 1562 eius
1721 1519 1889 1561 initium
1918 1518 1964 1561 in
1993 1535 2035 1577 p.
2058 1521 2098 1561 7·
2128 1520 2247 1564 codi-

280 1593 342 1636 cis
373 1592 584 1637 recentior
614 1609 764 1636 manus
794 1592 1044 1649 adscripsit:
1092 1591 1301 1636 Vct-abula
1332 1592 1609 1647 britannica),
1642 1592 1816 1635 dubium
1847 1607 1944 1635 esse
1973 1608 2060 1635 non
2090 1598 2246 1649 potest,

278 1663 381 1723 quin
412 1667 467 1710 sit
496 1667 805 1710 vindicandum
835 1666 1033 1709 comicae
1064 1666 1260 1708 dialecto.
1318 1665 1371 1709 Id
1392 1666 1550 1723 optime
1581 1666 1673 1708 iam·
1699 1665 2007 1708 demonstravit
2025 1665 2247 1722 Llwydius

276 1739 321 1781 in
351 1741 613 1796 praefatione
648 1741 701 1783 ad
722 1739 1081 1795 Archaeologiam
1113 1738 1551 1781 cornu-britannicam
1581 1739 1738 1782 editam
1768 1754 1794 1781 a
1814 1737 1954 1795 Pryce
1985 1738 2150 1782 duobus
2178 1737 2248 1782 his

276 1813 543 1868 potissimum
575 1814 858 1869 argumentis,
902 1813 1081 1869 primum
1113 1811 1225 1868 quod
1256 1811 1447 1855 continet
1475 1812 1620 1868 plures
1660 1827 1790 1855 voces
1822 1811 2019 1869 proprias
2049 1811 2248 1855 comicae

280 1886 462 1929 dialecto
495 1894 537 1929 et
565 1886 806 1942 incognitas
829 1885 1039 1938 Cambris,
1073 1884 1227 1927 deinde
1259 1885 1359 1940 quia
1385 1884 1532 1927 insunt
1560 1899 1689 1928 voces
1721 1885 1884 1942 aliquot
1912 1885 2108 1941 anglicae
2133 1889 2250 1926 tran-

281 1966 489 2015 sumptae,
522 1975 698 2016 quarum
729 1958 1011 2015 transumptio
1042 1958 1134 2000 fieri
1164 1973 1250 2000 non
1271 1957 1410 2014 potuit
1439 1958 1524 2001 nisi
1543 1958 1587 2000 in
1609 1959 1780 2015 Anglia,
1798 1969 1899 2000 ‘non
1930 1957 2056 2010 alibi,
2086 1964 2134 1999 ut
2162 1972 2251 2000 om·-

279 2031 381 2074 nino
422 2049 508 2076 non
537 2034 676 2090 possit
705 2033 851 2076 haberi
890 2031 1179 2075 aremoricum.
1244 2031 1361 2073 Addi
1399 2037 1541 2088 potest
1576 2031 1692 2074 tertii
1732 2030 1972 2087 argumenti
2012 2030 2107 2072 loco
2146 2043 2248 2073 con·

281 2105 496 2160 gruentia,
537 2107 709 2163 saepius
739 2113 973 2148 memorata
1013 2111 1054 2147 et
1083 2103 1290 2160 exemplis
1322 2105 1611 2147 demonstrata
1649 2104 1695 2147 in
1725 2105 1807 2147 hoc
1848 2119 1994 2161 opere,
2033 2103 2080 2146 in
2108 2103 2250 2146 ortho-

283 2178 475 2235 graphia,
510 2195 619 2236 quae
650 2179 860 2221 interdum
892 2187 1030 2221 tamen
1063 2185 1129 2220 est
1158 2176 1343 2234 propria,
1376 2178 1419 2220 in
1451 2178 1571 2220 sonis
1603 2184 1645 2221 et
1672 2177 1818 2220 formis
1850 2192 1947 2219 cum
1974 2184 2250 2220 monumento

282 2249 396 2293 haud
427 2252 554 2295 dubie
586 2253 755 2295 cornico
788 2256 1013 2308 sequente,
1052 2251 1096 2293 in
1127 2266 1210 2306 quo
1248 2251 1352 2292 item
1389 2251 1512 2307 plura
1541 2250 1751 2294 vocabula
1780 2250 1960 2306 anglica.
1986 2256 2252 2307 transumpta

282 2323 491 2379 leguntur,
525 2339 632 2381 quae
663 2324 859 2368 Cambris
890 2324 1062 2367 omnino
1090 2324 1232 2366 aliena
1260 2331 1518 2366 manserunt.

395 2397 723 2441 Vocabularium
755 2397 849 2451 hoc,
881 2412 1089 2453 nusquam
1120 2397 1302 2439 antehac
1331 2397 1458 2453 plene
1490 2404 1532 2439 et
1560 2403 1677 2439 recte
1705 2396 1822 2454 typis
1853 2411 2103 2453 expressum
2131 2395 2253 2451 (sunt

282 2471 443 2513 omissa
472 2479 514 2514 et
543 2479 742 2528 corrupta
769 2471 902 2513 multa
931 2470 1043 2527 apud
1073 2470 1210 2526 Pryce
1242 2477 1284 2512 et
1310 2469 1541 2526 Com-son),
1574 2485 1626 2513 ex
1656 2470 1805 2512 codice
1835 2470 1932 2526 ipso
1965 2468 2176 2526 descripsi
2207 2474 2251 2511 et

284 2549 329 2585 ut
357 2542 511 2600 legitur
540 2545 585 2586 in
618 2560 667 2588 eo
699 2546 752 2587 ad
781 2544 955 2586 verbum
988 2544 1030 2585 in
1061 2543 1146 2585 fine
1176 2542 1301 2586 huius
1333 2543 1475 2599 operis
1505 2543 1663 2586 addidi.

398 2618 437 2658 2.
475 2616 658 2661 Carmen
696 2618 748 2660 de
779 2617 980 2674 passione
1011 2615 1171 2659 Christi
1200 2616 1417 2659 cornicum
1455 2615 1622 2671 (Pasa,
1653 2615 1725 2670 P.,
1763 2631 1789 2658 a
1818 2630 1887 2658 me
1926 2614 2249 2671 significatum),

284 2689 404 2732 cuius
436 2698 580 2733 extant
610 2691 782 2734 codices
814 2692 916 2742 duo,
949 2704 1059 2731 unus
1086 2688 1230 2731 Musei
1251 2688 1493 2742 britannici,
1526 2689 1632 2732 alter
1659 2689 1944 2734 bibliothecae
1970 2687 2247 2745 Bodleianae.

285 2763 556 2806 Translatum
597 2770 662 2806 est
704 2763 749 2805 in
786 2763 1001 2819 anglicum
1042 2777 1280 2805 sermonem
1317 2776 1355 2804 a.
1388 2763 1495 2805 1682
1541 2777 1567 2804 a
1601 2762 1693 2804 viro
1733 2760 1972 2804 Cornubiae
2015 2760 2252 2804 habitatore

286 2836 410 2879 docto
448 2836 539 2879 Ioh.
571 2836 793 2893 Keigwin,
841 2836 912 2892 qui
950 2835 1030 2877 fuit
1065 2835 1174 2878 inter
1202 2835 1374 2878 ultimos
1404 2835 1519 2877 viros
1550 2835 1737 2891 perfecte
1775 2848 1931 2890 gnaros
1961 2833 2134 2889 linguae
2162 2839 2251 2876 tum

285 2909 368 2951 iam
402 2910 659 2952 emorientis.
721 2909 824 2951 Tam
856 2909 1052 2951 comicus
1090 2915 1232 2950 textus
1263 2922 1388 2964 quam
1420 2909 1561 2951 versio
1591 2908 1762 2964 anglica
1798 2922 1821 2949 e
1853 2907 2019 2950 duobus
2048 2906 2150 2950 item
2180 2920 2251 2949 co-

287 2982 452 3025 dicibus
484 2982 640 3039 prodiit
669 2998 779 3025 anno
814 2982 921 3025 1826
953 2981 1264 3024 Londinii·sub
1295 2981 1439 3024 titulo:
1479 2977 1651 3030 ‘Mount
1680 2980 1879 3036 Calvary,
1911 2994 1958 3022 or
1986 2979 2059 3022 the
2087 2978 2252 3035 history

287 3055 333 3096 of
357 3054 429 3098 the
459 3056 650 3112 passion,
682 3054 821 3107 death,
854 3055 937 3097 and
966 3053 1250 3097 resurrection
1282 3054 1329 3096 of
1353 3070 1430 3096 our
1458 3053 1575 3110 Lord
1604 3054 1687 3096 and
1719 3053 1900 3096 Saviom·
1928 3051 2059 3095 Jesus
2090 3050 2250 3095 Christ.

288 3126 474 3171 Written
503 3130 547 3171 in
570 3128 754 3171 Cornish
786 3128 854 3182 (as
885 3128 917 3168 it
947 3142 1042 3183 may
1072 3127 1125 3168 be
1148 3127 1440 3183 conjectured)
1473 3141 1591 3169 some
1613 3126 1826 3169 centuries
1848 3131 1957 3182 past,
1988 3123 2251 3181 interpreted

286 3201 331 3242 in
360 3201 430 3243 the
462 3201 629 3257 english
659 3209 817 3257 tongue
847 3201 892 3242 in
921 3200 993 3242 the
1022 3214 1125 3255 year
1148 3201 1256 3242 1652
1287 3200 1344 3256 by
1373 3199 1489 3242 John
1520 3198 1789 3255 Keigwin,
1820 3196 1948 3241 Gent.
2007 3196 2165 3240 Edited
2193 3196 2252 3253 by

286 3272 450 3316 Davies
482 3269 712 3317 Gilbert?

401 3347 516 3388 Male
555 3355 668 3389 certe
710 3361 756 3388 se
795 3345 922 3388 habet
958 3345 1155 3388 comicus
1191 3351 1333 3387 textus
1374 3345 1499 3388 huius
1538 3344 1759 3396 editionis,
1799 3351 1883 3385 tam
1919 3342 2051 3396 male,
2095 3349 2142 3384 ut
2178 3342 2252 3384 vix

288 3419 427 3474 possit
462 3420 599 3473 credi,
648 3418 952 3462 correctionem
992 3433 1088 3461 esse
1125 3418 1281 3461 factam
1325 3418 1368 3460 in
1407 3433 1458 3461 eo
1497 3419 1564 3462 vel
1603 3417 1885 3475 sphalmatum
1922 3414 2250 3472 typothetarum.
