2336 3736
295 221 352 263 44
394 221 463 264 (⁶4.
480 221 537 263 ⁶⁶>
931 214 968 261 1.
1000 219 1035 260 1.
1080 228 1268 268 neuma
1297 228 1330 259 N
1357 228 1616 261 mmmm.

295 344 495 399 tairr'tyire
523 342 627 397 (duo
654 340 880 398 promissa)
900 339 977 384 Ml.
999 341 1052 383 38
1060 355 1094 382 r.
1138 339 1443 397 Neglegentius
1471 341 1652 396 indaynd
1679 339 1809 394 (duae
1835 339 2014 396 formae)
2044 337 2118 397 Sg.
2142 341 2248 393 168·‚

298 411 382 452 nisi
411 410 519 453 forte
548 416 646 453 ante
671 425 728 466 qn
757 407 918 450 inutilis
947 407 1169 450 videbatur
1199 407 1359 451 additio
1388 408 1551 451 litterae
1578 424 1619 450 π.

397 477 454 532 f)
497 477 690 520 Eandem
718 474 906 531 regulam
942 480 1143 517 secuntur
1171 475 1405 518 numeralia
1433 475 1653 518 hibernica
1688 475 1794 528 VII,
1831 474 1960 529 VIII,
1998 475 2065 519 IX
2102 475 2148 518 in
2183 474 2251 518 his

301 545 526 601 exemplis:
570 546 604 586 it
631 543 736 585 secht
762 542 879 584 aoelzt
916 541 991 598 (gl.
1025 542 1184 598 septies
1215 543 1377 598 octoni)
1422 541 1492 585 Cr.
1525 544 1603 585 33².
1650 541 1852 584 octadelbe
1886 543 1911 584 7
1941 549 2004 584 oct
2029 544 2138 599 hyne'
2173 541 2250 599 (gl.

296 611 455 653 somnae
487 612 602 665 octo)
642 610 715 666 Sg.
742 611 846 652 166·.
889 609 1048 650 mockoe
1075 610 1357 651 no'z'hdrommo
1397 609 1601 665 (Mochoe
1639 625 1792 652 novem
1822 608 2011 664 collium)
2049 609 2120 665 Sg.
2153 609 2248 653 226.

296 677 371 733 (gl.
402 678 553 734 marg.)
597 680 667 720 noi
694 678 918 719 mblz‘adna.
950 692 992 717 r.
1021 676 1152 717 iar-sin
1184 676 1469 732 (undeviginti
1501 692 1634 719 anuos
1655 676 1826 734 postea)
1847 676 1951 719 Leb.
1972 675 2121 720 Brecc.
2159 692 2251 719 con-

298 745 382 785 rz'cz'
406 745 527 786 laudet
554 747 766 787 noz'nomue
803 746 971 799 (usque
1011 743 1064 785 ad
1094 742 1238 798 iugum
1268 758 1421 785 novem
1451 744 1705 800 quercuum)
1742 743 1909 787 Tirech.
1943 746 1979 786 1.
2011 745 2088 798 fri
2112 746 2159 786 γέ
2185 745 2257 786 noi

296 826 409 852 omar
440 811 600 868 (spatio
626 827 780 854 novem
799 809 1014 864 horarum)
1044 809 1139 852 Lib.
1158 809 1338 867 Ballym.
1363 809 1552 864 (O'Don.
1577 812 1665 867 92).
1709 810 1847 854 Deest
1873 810 2036 867 liquida
2064 817 2162 854 ante
2189 817 2252 854 te-

293 894 437 921 nuem:
469 881 502 920 it
530 881 636 921 secht
664 880 724 920 ce't
753 878 830 934 (gl.
862 877 1021 934 septies
1052 877 1241 932 centeni)
1273 876 1345 921 Cr.
1377 878 1462 931 423
1494 879 1594 920 item
1625 883 1723 921 ante
1753 878 2002 935 spirantem:
2034 881 2106 921 πάι·
2130 879 2255 923 cathir

295 947 371 1002 (gl.
401 962 554 989 novem
597 946 842 1002 glandulae)
881 943 955 1001 Sg.
985 946 1068 987 49¹³.
1135 944 1356 987 Deficiunt
1394 946 1564 1001 quidem
1603 961 1626 988 e
1663 945 1769 988 meis
1807 944 2025 989 codicibus
2061 946 2254 1004 exempla

295 1019 465 1056 vetusta
499 1013 662 1056 numeri
691 1013 735 1055 X
767 1028 861 1055 cum
891 1013 1167 1069 sequentibus
1198 1012 1419 1056 vocalibus
1450 1019 1492 1056 et
1519 1013 1690 1066 mediis,
1732 1012 1807 1055 sed
1838 1027 1933 1055 cum
1969 1013 2015 1056 in
2050 1013 2255 1057 hodierna

294 1080 441 1136 lingua
470 1081 713 1123 inficiantur
744 1080 893 1137 eclipsi
923 1080 1060 1122 nasali
1090 1093 1304 1122 consonae
1337 1080 1461 1122 etiam
1491 1086 1589 1137 post
1618 1080 1731 1123 hunc
1760 1080 1896 1136 (deieh
1921 1095 2075 1137 9-cosa,
2107 1080 2254 1124 decem

292 1148 447 1204 pedes,
486 1154 532 1190 ut
565 1148 671 1190 soche
705 1162 866 1204 9-cosa,
906 1148 996 1189 ockt
1030 1162 1170 1204 9-cosa
1186 1180 1197 1201 ,
1241 1149 1312 1190 ‘noi
1336 1148 1523 1204 q-cosa),
1564 1147 1812 1191 statuendae
1853 1154 1952 1190 sunt
1986 1147 2144 1192 formae
2180 1164 2254 1192 ve-

292 1215 493 1259 tustiores
523 1230 788 1258 numerorum
819 1214 1021 1258 VII-X
1049 1215 1203 1256 seckten
1217 1246 1229 1267 ,
1265 1215 1425 1270 ochcen,
1459 1217 1576 1267 no'in,
1615 1215 1784 1269 declam,
1825 1220 1872 1256 ut
1902 1229 2062 1259 sanscr.
2092 1223 2253 1272 saptan,

295 1285 428 1335 αὲζαπ,
460 1284 620 1335 πάυαη,
649 1284 798 1335 (leigun,
830 1288 877 1324 ut
906 1282 977 1324 lat.
1008 1290 1166 1337 septem,
1198 1296 1350 1335 novem,
1383 1284 1528 1324 decem.

407 1352 445 1394 3.
490 1352 687 1394 Alternat
716 1351 761 1392 in
792 1350 1045 1407 quibusdam
1073 1350 1114 1392 N
1143 1364 1239 1391 cum
1268 1350 1413 1392 formis
1443 1350 1545 1403 NN,
1576 1349 1679 1402 ND,
1710 1349 1810 1403 NT,
1851 1364 2025 1406 quarum
2053 1349 2255 1408 princeps

293 1418 491 1462 habenda
521 1426 585 1462 est
604 1419 709 1471 ND,
743 1434 851 1473 quae
883 1424 955 1460 aut
984 1417 1289 1461 assimilatione
1320 1423 1502 1460 mutetur
1533 1424 1629 1460 ante
1649 1417 1833 1469 vocales,
1867 1424 1938 1460 aut
1958 1417 2130 1461 duretur
2158 1424 2256 1462 ante

296 1501 315 1526 ε
346 1488 639 1530 mortificatam
669 1487 928 1544 plerumque,
963 1492 1034 1528 aut
1053 1486 1097 1527 'm
1117 1485 1157 1526 N
1188 1485 1444 1541 singularem
1464 1492 1654 1528 transeat
1685 1491 1782 1528 ante
1802 1490 1953 1528 tenues
1975 1485 2254 1543 potissimum.

415 1553 609 1598 Formam
647 1554 920 1597 assimilatam
950 1553 1032 1595 NN
1062 1554 1105 1594 in
1138 1553 1313 1596 articulo
1343 1552 1452 1595 ‚infra
1481 1553 1646 1609 patebit
1673 1567 1767 1595 cum
1795 1553 1840 1595 in
1871 1552 2115 1597 accusativo
2146 1554 2254 1612 sing.

297 1635 425 1664 masc.
458 1627 500 1663 et
518 1622 613 1665 fem.
637 1638 746 1678 gea,
780 1621 900 1665 cuius
941 1621 1072 1662 altera
1100 1620 1142 1662 N
1172 1621 1226 1662 ad
1257 1635 1381 1664 casus
1411 1620 1745 1664 terminationem
1775 1620 1970 1678 pertinet,
2004 1626 2100 1665 ante
2129 1636 2256 1664 voca-

294 1689 370 1742 les,
403 1696 489 1732 tum
518 1690 563 1732 in
594 1689 819 1746 bisyllabis
847 1688 992 1730 formis
1022 1689 1137 1739 iuna,
1167 1689 1297 1730 innan
1326 1688 1530 1744 viguisse.

407 1755 563 1799 Forma
591 1757 790 1814 primaria
818 1754 902 1798 ND
942 1755 986 1797 in
1022 1755 1162 1797 media
1199 1771 1305 1799 voce
1336 1756 1603 1812 potissimum
1634 1761 1826 1798 servatur
1859 1755 1903 1798 in
1940 1754 2257 1813 praepositione

295 1825 338 1865 in
369 1825 635 1867 coalescente
666 1840 759 1867 cum
788 1823 1108 1880 pronominibus
1140 1822 1305 1866 suffixis
1346 1823 1558 1880 (exceptis
1587 1822 1733 1866 formis
1763 1824 1846 1865 inte
1882 1823 1948 1878 (in
1978 1822 2110 1878 eam),
2151 1823 2258 1864 intiu

297 1891 361 1946 (in
393 1907 480 1945 eos,
514 1892 630 1949 eas),
662 1892 715 1933 de
745 1891 898 1947 quibus
928 1890 1038 1933 infra
1069 1890 1251 1946 dicetur)
1291 1897 1337 1933 ut
1365 1892 1547 1943 indiam,
1586 1890 1795 1932 indiumea
1825 1890 1889 1946 <in
1919 1888 2026 1946 me),
2067 1890 2257 1944 indiam,

295 1960 493 2001 inclinum·
521 1960 586 2015 (in
616 1958 775 2014 nobis),
806 1959 914 1999 indit
943 1957 1008 2013 (in
1039 1958 1126 2013 te),
1158 1957 1274 1999 indib
1305 1958 1369 2013 (in
1399 1957 1557 2012 vobis),
1588 1958 1710 1999 incid
1740 1958 1805 2012 (in
1837 1958 1929 2013 eo),
1959 1957 2053 1999 indi
2080 1955 2146 2011 (in
2176 1955 2260 2013 ea),

294 2027 411 2067 indm
452 2028 517 2082 (in
548 2028 633 2079 eis;
665 2027 717 2069 cf.
749 2042 897 2083 pronn.
929 2041 1042 2083 pers.
1075 2026 1167 2068 suff.
1206 2031 1248 2068 et
1276 2040 1471 2082 praepos.
1501 2024 1605 2081 in).*
1666 2024 1719 2067 In
1749 2026 1834 2067 fine
1866 2030 1982 2069 extat
2018 2025 2063 2067 in
2094 2024 2258 2068 articuli

296 2095 430 2137 forma
458 2096 552 2148 ind,
585 2100 684 2151 post
714 2109 838 2150 quam
867 2094 1041 2136 vocales
1073 2093 1286 2136 excidisse
1316 2094 1518 2150 probatur
1546 2093 1776 2136 infectione
1804 2092 1993 2135 tenuium
2024 2098 2068 2136 et
2095 2092 2259 2150 spiran-

297 2161 421 2215 tium,
464 2178 571 2219 quae
611 2168 709 2204 sunt
747 2162 792 2203 in
828 2161 1041 2218 principio
1077 2160 1261 2203 nominis
1291 2160 1580 2216 insequentis;
1620 2161 1730 2203 hanc
1760 2161 1936 2203 formam
1966 2159 2126 2203 servari
2162 2164 2260 2203 ante

297 2230 470 2272 vocales
501 2237 542 2272 et
570 2230 755 2286 liquidas
787 2236 828 2272 et
857 2234 954 2271 ante
974 2229 1010 2284 f
1035 2228 1265 2283 (interdum
1286 2227 1324 2283 3)
1356 2235 1584 2271 emortuam
1614 2229 1658 2272 in
1681 2228 1789 2285 sing.
1811 2243 1939 2272 masc.
1962 2233 2005 2270 et
2022 2233 2157 2271 neutr.
2188 2242 2260 2283 ge-

298 2297 442 2339 netivo
474 2303 516 2339 et
535 2298 691 2351 dativo,
722 2298 767 2339 in
794 2297 902 2353 plur.
934 2311 1061 2338 masc.
1092 2295 1367 2349 nominativo,
1399 2296 1443 2338 in
1474 2296 1568 2339 sem.
1601 2297 1709 2353 sing.
1740 2295 2000 2339 nominativo
2034 2300 2076 2338 et
2104 2294 2261 2348 dativo,

299 2379 321 2406 e
351 2364 639 2421 paradigmate
670 2364 835 2408 articuli
866 2364 1099 2420 apparebit.

410 2429 564 2474 Forma
593 2433 741 2476 durata
768 2432 846 2475 NT
876 2432 964 2474 fere
995 2430 1236 2484 adhibetur,
1276 2430 1518 2488 ubicunque
1546 2446 1565 2472 8
1595 2432 1753 2475 excidit
1790 2437 1859 2474 aut
1891 2432 1937 2474 in
1964 2428 2261 2474 terminatione

298 2499 418 2542 vocis
451 2505 522 2541 aut
551 2500 595 2542 in
624 2501 833 2557 principio
864 2500 1095 2556 proximae.
1163 2497 1350 2541 Invaluit
1378 2498 1508 2555 igitur
1536 2498 1702 2542 articuli
1729 2498 1865 2542 forma
1893 2498 2036 2541 durior
2065 2498 2127 2539 int
2164 2502 2261 2539 ante

298 2567 472 2610 vocales
502 2567 547 2609 in
577 2583 687 2610 nom.
711 2568 818 2623 sing.
850 2567 1018 2624 generis
1050 2566 1284 2619 masculini,
1316 2567 1359 2609 in
1392 2581 1476 2623 quo
1507 2566 1634 2608 etiam
1661 2573 1762 2623 post
1789 2566 1964 2609 formam
1992 2567 2038 2608 in
2068 2569 2260 2608 servatur

300 2640 434 2678 status
465 2636 592 2677 durus
624 2628 920 2688 consonarum3
955 2634 1099 2676 eadem
1128 2634 1260 2676 forma
1281 2633 1447 2677 articuli
1476 2635 1540 2676 int
1569 2649 1735 2691 semper
1754 2635 1842 2677 fere
1863 2633 2077 2677 invenitur
2107 2629 2263 2684 (rarius

301 2708 416 2744 extat
444 2703 538 2757 ind)
571 2709 667 2745 ante
687 2719 705 2744 s
737 2702 996 2745 debilitatam
1025 2702 1093 2743 vel
1123 2707 1171 2742 ut
1199 2702 1346 2744 dicunt
1368 2701 1657 2745 mortificatam
1689 2702 1735 2744 in
1755 2701 1951 2744 omnibus
1979 2699 2107 2742 trium
2135 2713 2263 2755 gene-

300 2786 390 2812 rum
422 2771 605 2824 casibus,
637 2771 681 2812 in
703 2771 855 2827 quibus
886 2771 961 2810 ind
991 2776 1055 2812 est
1085 2774 1183 2810 ante
1213 2769 1384 2812 vocales
1415 2768 1631 2826 (exempla
1658 2770 1703 2811 in
1725 2768 1878 2823 artic.)
1928 2767 2035 2810 Item
2055 2764 2266 2822 particula

300 2838 375 2878 ind
411 2836 454 2878 in
493 2838 799 2895 compositione
838 2839 1010 2890 (vetust.
1043 2836 1139 2892 gall.
1174 2837 1320 2892 ande-)
1358 2837 1408 2878 fit
1446 2838 1507 2878 int
1545 2843 1643 2880 ante
1680 2852 1699 2878 8
1735 2835 2005 2878 inficiendam
2043 2831 2262 2890 sequentis

300 2905 419 2948 vocis
457 2905 529 2959 (of.
561 2906 785 2962 compos).
843 2903 1041 2959 Denique
1082 2903 1227 2946 eadem
1263 2903 1398 2946 forma
1435 2904 1479 2945 in
1509 2904 1674 2946 duabus
1714 2902 1902 2946 formulis
1934 2900 2263 2945 coalescentium

301 2989 395 3016 cum
424 2973 740 3030 praepositione
771 2973 814 3013 in
844 2970 1138 3027 pronominum
1168 2971 1348 3013 invaluit
1378 2986 1468 3014 cum
1502 2972 1769 3014 accusativo:
1800 2971 1882 3012 inte
1914 2968 1980 3023 (in
2011 2983 2115 3022 eam,
2144 2966 2263 3021 fem.)

302 3040 374 3096 Sg.
407 3042 459 3081 δ’.
502 3042 619 3081 z‘ntesi
647 3041 722 3096 (gl.
754 3041 799 3081 in
829 3038 987 3094 ipsam)
1020 3037 1092 3094 Sg.
1119 3040 1223 3082 199⁵.
1255 3038 1363 3081 209&
1402 3039 1508 3079 inhia
1539 3038 1605 3093 (in
1637 3040 1730 3094 eos)
1762 3037 1834 3094 Sg.
1868 3040 1920 3079 7⁸.
1961 3036 2038 3078 Ml.
2067 3036 2149 3078 21⁸.
2181 3035 2262 3088 28⁶,

302 3122 407 3163 quas
429 3108 482 3149 ab
512 3108 638 3161 incl-te,
669 3108 809 3148 &ads-iu
840 3105 1050 3162 profectas
1082 3119 1177 3148 esse
1209 3121 1262 3149 ex
1292 3105 1387 3147 aliis
1416 3104 1563 3148 formis
1594 3106 1846 3162 quibusdam
1866 3111 1995 3162 patet.
2035 3103 2264 3160 (Exempla

302 3174 594 3216 adverbiorum
632 3172 986 3230 pronominalium
1016 3172 1141 3214 AND
1175 3180 1216 3215 et
1247 3171 1405 3216 SUND
1444 3178 1691 3216 mutatorum
1731 3173 1775 3214 in
1807 3180 1897 3227 ant,
1936 3178 2032 3214 eunt
2059 3170 2169 3213 infra
2198 3185 2265 3214 se-

302 3248 493 3298 quentur,
524 3257 565 3297 p.
589 3242 677 3295 61.)

397 3342 413 3359 ‘
439 3341 531 3383 Quae
555 3342 681 3376 formae
707 3342 1015 3376 commonefaciunt
1040 3341 1167 3377 latinae
1191 3343 1347 3376 vetustae
1370 3340 1456 3375 indu
1478 3351 1541 3388 pro
1564 3340 1617 3375 in:
1642 3340 1726 3376 indu
1750 3341 1843 3375 mari
1863 3339 1967 3382 Eun„
1992 3336 2188 3386 indupedia
2210 3334 2265 3374 'in-

302 3386 490 3433 duperator
512 3388 621 3424 Lucil.
640 3401 667 3418 =
684 3387 843 3433 impedio,
871 3388 1065 3432 imperator.
