2336 3736
226 206 310 249 424
353 206 544 247 (426.42'1)
663 202 748 247 ΠΙ.
781 205 819 246 1.
863 214 1150 246 marronam
1179 215 1410 247 valisans
1441 215 1741 247 ann-momen.

224 336 290 371 ter
318 343 478 370 merum
507 341 696 370 amorem
725 341 800 370 eos
830 326 1084 384 patiebatur,
1116 326 1307 384 dolores)
1335 326 1386 371 P.
1408 328 1504 381 227,
1528 329 1566 370 4.
1603 327 1772 383 yscafas
1800 327 1840 369 ol
1867 341 1928 369 ow
1957 326 2068 368 coeloe
2097 326 2193 381 (eos

225 409 374 437 omnes
410 393 577 437 invenit
605 392 886 449 dormientes)
922 395 989 447 55,
1019 394 1058 436 3.
1109 402 1146 435 te
1174 409 1243 436 am
1274 395 1383 452 παρῆ
1419 395 1486 450 (tu
1515 410 1582 437 me
1611 392 1838 450 negabis),
1877 409 1940 435 me
1976 394 2036 436 ad
2074 394 2195 435 welas

226 462 327 519 (ego
358 467 400 503 te
429 460 540 517 vidi)
576 463 644 514 49,
668 463 707 504 3.
740 463 808 516 84,
831 463 870 505 3.
921 475 1000 517 ray
1034 471 1082 517 33
1108 475 1273 518 yereme
1300 463 1394 504 ilias
1425 462 1492 504 0⁸8⁶
1524 476 1570 503 as
1596 472 1750 518 903evy
1786 461 1982 519 (propter
2009 476 2194 504 amorem

224 529 286 572 tui
314 529 440 572 Iesus
469 527 667 573 Christus
699 543 774 573 eos
802 527 1026 582 tolerabat,
1057 527 1249 586 dolores)
1282 531 1374 584 139,
1399 530 1436 573 3.
1484 529 1547 571 ὅθι
1575 544 1647 570 sur
1686 543 1734 572 as
1759 544 1885 584 qasae
1925 527 2047 583 (Chr.
2079 533 2193 573 certo

225 611 300 640 eos
329 595 525 654 reliquit)
553 597 620 651 56,
645 598 679 639 1.

335 662 571 721 Utriusque
598 678 700 707 vero
730 664 869 707 locum
906 671 1120 721 occupant
1148 664 1385 721 particulae
1424 665 1673 721 negativae,
1713 679 1822 721 quae
1862 664 1986 721 ipsae
2026 678 2196 719 quoque

222 731 405 787 infigunt
432 738 532 789 post
562 747 609 774 se
639 731 906 788 pronomina,
937 731 1008 774 vel
1039 732 1364 776 coniunctiones
1384 732 1646 792 primitivae:
1679 746 1741 773 me
1759 747 1814 787 ny
1836 732 1962 788 wraff
1989 732 2090 788 (ego
2110 746 2197 774 non

221 799 396 854 faciam)
427 799 475 842 P.
511 800 604 853 155,
630 802 666 842 1.
710 814 775 842 me
802 814 858 856 ny
883 800 991 856 yafa
1020 800 1122 855 (ego
1152 815 1241 843 non
1271 800 1488 855 invenio),
1531 801 1580 856 ef
1611 815 1669 855 ny
1695 799 1833 857 yaffas
1872 799 1980 854 (non
2008 798 2194 854 invenit)

226 869 318 920 117,
340 868 380 909 4.
415 867 507 922 116,
529 868 570 909 4.
608 882 671 908 me
697 867 798 922 myth.
827 868 1069 924 dampnyaf
1091 867 1194 923 (ego
1223 883 1311 910 non
1342 868 1555 911 damnabo
1574 868 1651 923 te),
1682 868 1784 923 myth
1813 867 1963 923 nahaff
1990 867 2098 922 (non
2116 882 2191 909 ne-

223 936 332 992 gabo
363 935 426 990 te)
457 935 525 988 34,
556 936 595 977 4.
631 936 701 988 49,
723 936 763 977 4.
801 949 893 991 pan
919 949 1076 991 qowsas
1113 935 1230 991 (cum
1260 936 1431 980 locutus
1462 935 1548 991 est)
1588 937 1655 989 68,
1683 938 1717 978 1.
1762 951 1860 979 mar
1891 935 2092 992 mynnyth.
2127 933 2189 990 (si

223 1003 326 1058 vis),
356 1017 450 1045 mar
472 1016 574 1059 peey
604 1000 663 1058 (si
686 1002 853 1056 orabat)
888 1003 952 1056 16,
974 1004 1013 1044 4.
1045 1004 1112 1057 25,
1137 1005 1176 1047 3.
1236 1003 1492 1062 Euphoniae
1524 1019 1655 1047 causa
1685 1004 1808 1046 abest
1836 1020 1864 1045 a
1894 1010 1994 1047 ante
2024 1002 2194 1059 quales-

223 1085 390 1127 cunque
425 1070 583 1114 formas
620 1070 842 1113 verborum
882 1070 1021 1113 vocali
1059 1070 1378 1115 inchoatorum:
1426 1086 1489 1113 me
1519 1088 1545 1113 a
1575 1071 1691 1127 (eo),
1730 1078 1773 1127 ty
1803 1088 1830 1114 a
1859 1070 1986 1127 (ibis)
2017 1070 2069 1113 R.
2100 1070 2197 1113 888.

224 1138 348 1180 2197.
393 1137 525 1180 Iudas
554 1138 617 1179 eth
647 1135 798 1193 (Iudas
827 1136 928 1193 ivit)
961 1137 1008 1180 P.
1032 1139 1102 1192 62,
1125 1140 1166 1181 2.
1213 1142 1261 1195 eff
1284 1139 1347 1180 eth.
1378 1139 1436 1195 (is
1466 1138 1565 1194 ivit)
1599 1140 1692 1192 119,
1715 1140 1754 1181 2.
1787 1139 1882 1193 200,
1904 1140 1943 1181 2.
1977 1139 2073 1192 234,
2094 1138 2134 1180 3.
2170 1150 2200 1193 y

223 1206 288 1247 eth
319 1205 371 1261 (ii
401 1205 589 1260 iverunt)
623 1206 689 1258 29,
711 1206 750 1248 2.
781 1206 850 1259 64,
871 1206 911 1248 4.
948 1206 1040 1259 160,
1065 1207 1103 1249 2.
1136 1207 1236 1259 216,
1261 1208 1300 1249 2.
1332 1206 1428 1260 239,
1455 1210 1491 1248 1.
1524 1207 1619 1260 241,
1642 1209 1682 1249 4.
1718 1222 1747 1263 y
1776 1221 1819 1248 ee
1847 1206 1900 1262 (ii
1928 1205 2067 1260 ibant)
2101 1204 2197 1257 196,

229 1276 261 1313 1.
295 1288 412 1329 payn
443 1273 531 1315 alla
560 1272 770 1329 (dolorem
800 1273 874 1329 qui
894 1273 995 1329 iret)
1021 1274 1116 1327 172,
1139 1276 1187 1327 4;
1216 1275 1362 1330 itaque
1394 1275 1651 1333 saepissime
1682 1280 1781 1318 ante
1802 1275 1979 1318 verbum
2001 1273 2199 1316 substan-

225 1341 369 1393 tivum,
403 1339 495 1382 sive
527 1340 764 1383 subiectum
798 1347 864 1383 est
891 1342 1175 1398 praemissum
1207 1343 1300 1385 sive
1330 1342 1644 1399 praedicatum:
1683 1357 1748 1384 me
1774 1357 1840 1398 yw
1870 1342 1971 1398 (ego
2004 1339 2119 1396 sum)
2148 1338 2198 1382 P.

224 1408 291 1461 93,
314 1408 352 1449 2.
392 1408 447 1463 eff
473 1422 495 1450 ο
525 1408 589 1448 c’st
620 1406 677 1463 (is
709 1415 800 1450 erat
820 1408 1041 1464 Christus)
1070 1411 1109 1463 8,
1132 1411 1172 1452 4.
1211 1426 1267 1452 an
1294 1413 1417 1467 9u831l
1446 1426 1468 1452 o
1498 1409 1747 1466 (consilium
1777 1411 1886 1464 erat)
1909 1410 1978 1463 32,
2006 1411 2042 1450 l.
2083 1407 2198 1449 bene-

219 1490 295 1532 yas
321 1490 386 1530 φο
417 1475 690 1529 (benedictus
712 1476 797 1532 est)
829 1477 896 1530 24,
922 1478 958 1518 1.
994 1477 1096 1533 ylan
1117 1478 1177 1533 off
1202 1477 1356 1534 (purus
1378 1479 1493 1533 sum)
1519 1480 1611 1532 149,
1635 1479 1673 1522 2.
1713 1479 1803 1520 dall
1831 1493 1893 1531 en,
1923 1477 2053 1520 dallo
2073 1475 2194 1528 (cae-

223 1558 299 1586 cus
329 1559 456 1597 eram,
487 1543 599 1599 erat)
630 1545 724 1598 220,
748 1545 786 1587 3.
817 1544 914 1597 217,
937 1545 975 1587 2.
1014 1553 1202 1602 myytern
1231 1561 1326 1588 orma
1357 1546 1453 1601 (rex
1484 1546 1599 1601 sum)
1633 1547 1726 1600 102,
1749 1548 1789 1589 4,
1833 1554 2046 1603 myqtern,
2083 1542 2200 1585 Iustis

223 1618 285 1652 ote
310 1626 351 1653 se
386 1612 500 1666 (rex,
533 1619 783 1668 procurator
813 1626 859 1654 es
888 1612 957 1667 tu)
998 1612 1090 1665 102,
1114 1615 1151 1655 3.
1189 1615 1280 1667 107,
1304 1616 1342 1656 2.
1394 1629 1519 1670 yrvys
1549 1628 1617 1656 ens
1648 1614 1820 1670 (armati
1852 1613 1991 1668 erant)
2031 1611 2127 1662 241,
2155 1610 2197 1651 4.

223 1678 442 1721 Interdum
474 1679 568 1722 sine
599 1686 715 1722 certa
742 1681 839 1736 lege
869 1686 1048 1737 utraque
1077 1681 1288 1738 particula
1317 1683 1542 1725 omittitur:
1583 1695 1666 1738 par
1694 1681 1760 1723 del
1786 1695 1877 1723 won
1906 1679 2096 1735 lauaraff
2126 1688 2200 1733 393

224 1746 358 1801 (sicut
388 1747 490 1801 scio,
524 1747 662 1791 dicam
690 1748 803 1804 tibo)
835 1748 872 1801 8,
902 1751 937 1790 1.
983 1749 1068 1790 han
1094 1750 1196 1805 pyth
1228 1766 1254 1791 a
1283 1751 1437 1806 scresys
1467 1750 1622 1806 scre-tys-
1652 1748 1718 1805 (et
1745 1764 1836 1792 rem
1867 1763 1996 1804 quam
2027 1745 2196 1802 scripsi,

225 1815 401 1871 scripsi)
445 1816 537 1869 188,
567 1816 609 1857 4.
651 1829 747 1858 mar
775 1832 803 1859 a
832 1816 1030 1873 mymzyth
1056 1831 1248 1873 yovymzy
1282 1818 1341 1872 (si
1373 1819 1459 1872 vis,
1501 1815 1704 1874 quaeras)
1744 1817 1811 1869 80,
1836 1815 1874 1858 2.
1925 1832 1980 1857 an
2016 1814 2118 1857 ioull
2152 1823 2200 1869 33

221 1883 350 1926 adam
377 1877 525 1939 kewsyae
552 1882 772 1938 (diabolus
803 1883 857 1927 ad
886 1884 941 1927 A.
975 1884 1103 1939 dixit)
1134 1886 1172 1938 6,
1195 1885 1233 1926 3.

335 1950 643 1993 Aremorica
675 1949 885 1993 dialectus
916 1952 1171 2009 particulam
1208 1953 1425 1995 verbalem
1454 1953 1538 1996 ΒΑ
1575 1953 1639 2009 (=
1662 1944 1738 2006 Ἰτ·ο;
1778 1952 1830 1996 cf.
1863 1967 1989 1995 arem.
2020 1965 2112 2004 ma,
2145 1951 2202 1993 da

222 2039 265 2054 π
295 2019 381 2061 hib.
404 2033 484 2072 mo,
518 2019 585 2073 do,
621 2020 777 2063 cambr.
807 2034 894 2076 my,
928 2021 997 2076 dy,
1027 2035 1075 2076 93
1108 2021 1162 2064 de
1192 2038 1220 2063 a
1249 2021 1453 2077 absorpta
1482 2026 1581 2064 ante
1611 2036 1631 2062 e
1661 2020 1773 2063 velo
1803 2019 2103 2077 pronominum
2133 2019 2199 2061 in-

222 2088 418 2138 fixorum,
459 2100 570 2141 quae
602 2093 647 2129 ut
677 2088 848 2130 cornice
880 2088 990 2130 inter
1017 2088 1269 2145 particulam
1300 2094 1342 2130 et
1371 2088 1547 2130 verbum
1583 2088 1875 2141 intercedunt,
1914 2087 1966 2130 cf.
1997 2102 2069 2144 pp.
2102 2087 2198 2129 374.

224 2154 326 2209 376)
359 2154 438 2196 etsi
471 2154 670 2207 servavit,
703 2170 873 2211 semper
901 2162 1045 2198 tamen
1074 2155 1205 2199 habet
1232 2155 1419 2198 indicem
1441 2155 1634 2212 optativi.
1695 2155 1757 2199 Ut
1785 2170 1880 2199 cum
1902 2154 2198 2200 coniunctivo:

224 2238 279 2261 an
306 2222 405 2277 ymb·
431 2221 580 2276 prellat
609 2236 661 2264 ra
683 2223 773 2278 pell
794 2225 911 2280 pado
951 2224 1100 2278 (verus
1130 2223 1347 2279 praelatus
1379 2223 1451 2265 diu
1485 2223 1621 2279 vivat)
1661 2223 1770 2266 Buh.
1800 2223 1896 2275 200,
1930 2224 1995 2265 19.
2045 2224 2118 2264 doe
2146 2237 2197 2262 ra

223 2303 297 2344 roy
328 2289 450 2331 deoch
488 2289 613 2344 (deus
646 2290 718 2332 det
748 2291 891 2346 vobis)
936 2293 998 2345 16,
1028 2293 1067 2333 4.
1092 2291 1130 2332 6.
1185 2292 1282 2332 duet
1310 2300 1398 2333 mat
1427 2305 1478 2332 ra
1509 2293 1590 2332 vizi
1619 2291 1782 2333 Nonita.
1823 2292 1919 2334 duct
1952 2298 2042 2332 mat
2068 2289 2194 2345 Davy

224 2359 359 2398 ravizi
386 2364 453 2398 net
489 2357 619 2412 (bene
651 2358 821 2400 veneris
851 2359 927 2411 N„
962 2359 1081 2402 salve
1109 2358 1164 2400 D.
1197 2359 1385 2414 sincere)
1425 2360 1492 2413 76,
1526 2361 1591 2402 17.
1625 2360 1718 2412 178,
1741 2360 1778 2400 5.
1829 2359 1926 2400 duet
1962 2367 2049 2402 mat
2080 2373 2128 2400 en
2158 2366 2202 2414 ty

226 2425 308 2480 huy
337 2424 393 2466 ha
420 2424 504 2479 huy
532 2425 693 2467 rabasten
723 2425 909 2480 (salvete
939 2427 979 2468 in
1015 2427 1138 2469 domo
1170 2441 1250 2469 vos
1282 2433 1324 2469 et
1353 2427 1452 2483 vos)
1486 2427 1581 2479 112,
1605 2428 1644 2469 9.
1697 2427 1794 2467 deut
1821 2434 1933 2468 mat.
1954 2460 1963 2468 .
1983 2459 1991 2468 .
2015 2441 2066 2467 ra
2093 2426 2199 2468 vibet

224 2492 354 2544 (bene
375 2492 601 2545 veneritis)
621 2492 713 2535 MJ.
735 2495 839 2537 48b.
882 2495 980 2537 doe.
1001 2528 1009 2536 .
1028 2528 1038 2537 .
1061 2509 1156 2537 fram
1174 2495 1364 2551 pardono
1396 2494 1523 2549 (deus
1553 2493 1752 2550 ignoscat
1779 2494 1905 2549 mihi)
1935 2493 2044 2536 Buh.
2065 2494 2133 2545 44,
2156 2494 2196 2532 4.

226 2561 298 2599 (loe
317 2593 325 2600 .
346 2592 382 2600 ..
412 2575 487 2599 raz
515 2561 676 2602 remedo
706 2560 832 2616 (deus
864 2562 942 2604 tibi
974 2561 1211 2617 medeatur)
1246 2563 1340 2615 194,
1363 2563 1401 2603 2.
1449 2562 1623 2605 bennoez
1650 2576 1747 2603 roen
1777 2569 1869 2602 tron
1905 2577 1978 2603 ren
2002 2574 2198 2620 preseruo

225 2627 488 2681 (benedictio
519 2629 635 2684 regis
656 2628 902 2671 thronorum
934 2636 1078 2672 servet
1095 2628 1237 2684 illum)
1259 2629 1354 2681 200,
1382 2630 1445 2670 16.
1484 2630 1557 2670 leoz
1583 2629 1761 2685 peuda..
1782 2663 1790 2672 .
1807 2643 1884 2670 ron
1916 2628 1995 2670 bez.
2037 2629 2202 2683 (vestra

224 2709 311 2751 pax
344 2695 469 2737 nobis
500 2694 576 2750 sit)
612 2695 703 2738 MJ.
735 2697 836 2738 50a.
890 2699 967 2739 doe
998 2711 1066 2737 roz
1096 2699 1202 2739 miro
1226 2712 1308 2753 pep
1348 2696 1419 2737 bro
1449 2711 1520 2737 roz
1550 2696 1641 2738 bezo
1670 2697 1738 2738 ioa
1778 2696 1905 2751 (deus
1936 2711 2015 2748 vos
2046 2701 2199 2747 servet,

226 2762 270 2802 in
302 2762 415 2804 omni
445 2768 558 2805 terra
588 2763 644 2806 sit
674 2764 798 2807 vobis
829 2763 1052 2819 gaudium)
1088 2763 1197 2807 Buh.
1233 2766 1326 2817 114,
1356 2765 1417 2806 14.
1479 2763 1594 2807 Cum,
1614 2763 1761 2806 formis
1792 2763 2079 2805 secundariis:
2128 2762 2201 2804 doe

226 2843 278 2870 -να
306 2844 351 2870 ve
379 2830 544 2885 meulet,
586 2831 659 2872 doe
690 2845 734 2872 re
764 2846 808 2872 ve
837 2831 987 2872 meulet
1023 2830 1152 2886 (deus
1184 2832 1241 2873 sit
1269 2831 1489 2886 laudatus)
1528 2831 1639 2874 Buh.
1672 2832 1764 2882 108,
1795 2831 1834 2871 9.
1872 2831 1962 2883 130,
1995 2832 2059 2872 13.
2107 2831 2203 2871 deut

227 2904 315 2937 mat.
334 2928 341 2937 .
360 2928 371 2940 .
390 2929 397 2937 .
419 2911 472 2938 ra
501 2898 595 2939 vech.
625 2899 758 2952 (bene
787 2898 1007 2951 veneritis,
1042 2898 1226 2953 salvete)
1257 2898 1348 2941 MJ.
1373 2900 1444 2941 7a.
1466 2901 1521 2940 50
1534 2914 1569 2940 a.

338 2963 407 3006 Ex
429 2965 658 3021 praeterito
691 2966 839 3008 eadem
872 2965 1084 3022 particula
1115 2966 1299 3008 secessit
1320 2966 1508 3018 omnino,
1540 2980 1633 3008 cum
1665 2966 1708 3007 in
1730 2966 1811 3008 hoc
1842 2972 1888 3007 ut
1916 2966 1961 3007 in
1994 2965 2077 3007 alia
2095 2970 2200 3007 tem-

230 3047 336 3087 pora
373 3032 594 3088 ingressae
636 3033 722 3074 sint
758 3033 995 3089 particulae
1026 3048 1272 3075 communes
1302 3033 1396 3086 EZ,
1427 3033 1464 3074 E
1497 3041 1540 3075 et
1569 3035 1630 3086 A,
1670 3049 1779 3089 quae
1811 3033 1982 3075 easdem
2014 3032 2102 3074 fere
2132 3047 2198 3075 se-

230 3105 382 3140 cuntur
411 3100 528 3156 leges
561 3116 668 3156 quas
698 3101 742 3160 in
772 3101 920 3156 lingua
949 3100 1163 3142 cambrica
1191 3101 1261 3142 vel
1294 3100 1476 3142 comica.
1546 3100 1758 3157 Exempla
1787 3101 1992 3156 quaedam
2025 3115 2047 3142 e
2076 3099 2199 3150 Bab„

229 3181 407 3221 quocum
449 3168 680 3210 concordat
716 3167 827 3210 MJ.:
873 3168 958 3223 coff
983 3169 1036 3208 Ιια
1067 3172 1190 3223 quem
1227 3183 1269 3208 e:
1301 3168 1457 3208 hreini:
1496 3168 1664 3221 (ventre
1704 3175 1747 3209 et
1782 3174 1902 3223 tergo
1939 3166 2200 3223 putrefactus

230 3232 342 3287 sum)
378 3235 440 3281 1⁴⁸2,
466 3236 530 3276 18.
572 3250 698 3276 aman
729 3248 797 3277 ma
826 3235 968 3276 hamum
998 3250 1039 3276 ez
1070 3250 1217 3276 manen
1247 3235 1340 3289 (hic
1371 3250 1450 3290 ego
1485 3234 1602 3276 solus
1631 3234 1884 3288 manebam),
1910 3235 1973 3286 12,
1996 3235 2062 3276 20.
2100 3242 2203 3290 qaut

230 3313 341 3340 aoun
382 3300 458 3342 hac
489 3316 648 3358 anquen
680 3318 723 3344 ez
752 3302 913 3358 crenaff
946 3301 1141 3358 (propter
1172 3302 1365 3344 timorem
1405 3307 1447 3343 et
1477 3302 1804 3345 sollicitudinem
1837 3301 2023 3356 trepido)
2063 3302 2130 3352 94,
2161 3302 2199 3341 7.

228 3381 271 3411 ez
300 3382 368 3409 νει
395 3370 526 3411 sante!
552 3384 597 3410 oz
625 3370 704 3412 Ιιοη
725 3370 866 3426 quelen
896 3367 998 3423 (erit
1018 3375 1192 3412 sanetus
1213 3385 1293 3412 vos
1312 3367 1562 3422 instituens)
1589 3367 1682 3420 184,
1708 3369 1771 3410 17.
1811 3383 1854 3410 ez
1876 3382 1966 3411 vezo
1996 3374 2199 3409 contantet
