2336 3736
916 1090 1165 1162 LlBER
1214 1089 1704 1162 SECUNDUS.

837 1367 922 1422 DE
959 1367 1215 1423 NOMlNE
1252 1367 1339 1422 ET
1378 1365 1784 1423 PRONOMINE.

448 1496 707 1540 Perlustrata
734 1499 880 1554 regula
909 1514 1105 1542 sonorum
1136 1504 1178 1541 et
1205 1498 1369 1541 interna
1397 1512 1548 1540 vocum
1579 1503 1786 1542 structura
1804 1500 2033 1546 transimus
2064 1500 2118 1545 ad
2139 1508 2277 1545 exter-

339 1579 431 1606 nam
465 1570 713 1608 structuram
735 1566 973 1621 flexionum‚
1005 1567 1157 1623 quibus
1180 1572 1340 1609 ceteras
1372 1565 1574 1608 orationis
1604 1573 1745 1623 partes
1768 1575 1969 1625 superant
1987 1585 2151 1624 nomen,
2182 1586 2279 1627 pro-

338 1648 511 1687 nomen,
543 1634 726 1676 verbum.
785 1635 948 1677 Nomen
978 1641 1020 1678 et
1048 1648 1275 1691 pronomen
1306 1634 1575 1676 tractabimus
1616 1634 1696 1677 hoc
1726 1635 1831 1678 libro
1863 1637 2070 1691 secundo,
2112 1653 2196 1695 quo
2226 1638 2279 1682 de

337 1701 588 1744 flexionibus
616 1702 862 1758 praesertim
894 1703 1147 1746 substantivi
1188 1708 1230 1744 et
1259 1702 1453 1745 adiectivi
1484 1708 1650 1758 agetur,
1681 1703 2032 1749 concordantibus
2060 1706 2104 1749 in
2133 1722 2279 1750 monu-

337 1769 488 1812 mentis
518 1770 684 1823 nostris,
717 1771 923 1814 addentur
952 1785 1058 1828 quae
1088 1770 1154 1812 his
1183 1769 1361 1812 vocibus
1391 1777 1609 1827 praeterea
1640 1771 1878 1825 adhaerent,
1911 1772 2207 1818 deminutionis
2238 1781 2280 1818 et

339 1837 597 1893 gradationis
626 1838 796 1881 formae.
866 1838 1032 1892 Quibus
1063 1837 1256 1880 omnibus
1287 1838 1617 1894 praemittendae
1649 1845 1744 1881 sunt
1773 1839 1938 1882 articuli
1963 1841 2140 1896 formae,
2177 1844 2278 1886 sub-

341 1905 554 1961 iungenda
580 1905 751 1948 nomina
778 1907 1020 1960 numeralia,
1050 1907 1218 1950 tandem
1249 1905 1508 1963 pronomina,
1539 1906 1584 1950 in
1613 1906 1793 1963 singulis
1822 1908 2043 1965 capitibus.

1047 2201 1265 2257 CAPUT
1303 2201 1580 2257 PRIMUM.

641 2313 716 2361 De
753 2315 907 2363 tribus
945 2315 1201 2380 generibus
1235 2315 1414 2363 veteris
1450 2315 1639 2379 linguae
1675 2322 1724 2364 et
1757 2315 1970 2364 articulo.

450 2445 500 2488 In
523 2447 716 2490 omnibus
737 2448 894 2504 linguis
917 2450 1079 2492 celticis
1110 2449 1235 2492 hodie
1258 2464 1340 2491 non
1361 2448 1456 2505 plus
1479 2464 1603 2505 quam
1633 2449 1713 2493 duo
1734 2450 1915 2492 nominis
1946 2465 2102 2505 genera
2130 2450 2279 2492 distin-

340 2520 538 2570 guuntur,
581 2529 714 2571 genus
751 2518 1025 2559 masculinum
1065 2524 1107 2560 et
1140 2516 1397 2559 femininum.
1472 2517 1555 2561 Sed
1585 2522 1702 2573 patet
1737 2522 1822 2559 tam
1862 2532 1885 2559 e
1914 2516 2093 2559 vetustis
2122 2517 2279 2560 nostris

341 2582 495 2637 glossis
526 2581 755 2625 hibernicis
787 2599 910 2639 quam
941 2599 963 2626 e
994 2585 1214 2627 cambricis
1244 2584 1502 2641 pronominis
1534 2584 1847 2627 demonstrativi
1877 2583 2033 2639 formis,
2065 2591 2110 2626 ut
2138 2585 2182 2627 in
2215 2599 2282 2627 ce-

340 2650 442 2691 teris
474 2650 665 2692 omnibus
696 2651 853 2707 linguis
891 2651 1014 2694 huius
1054 2652 1270 2695 affinitatis
1309 2651 1372 2693 sic
1409 2652 1453 2694 in
1483 2659 1624 2695 vetere
1666 2652 1816 2695 celtica
1847 2652 1929 2694 tria
1958 2667 2113 2707 genera
2149 2651 2281 2695 fuisse

339 2732 423 2758 non
446 2718 581 2760 solum
602 2718 892 2773 pronominum
915 2719 990 2761 sed
1021 2720 1144 2762 etiam
1169 2719 1523 2762 substantivorum
1545 2725 1586 2762 et
1607 2720 1919 2773 adiectivorum,
1949 2726 2099 2776 postea
2118 2720 2283 2762 demum

340 2784 476 2827 deleto
510 2784 752 2828 discrimine
782 2786 891 2828 inter
919 2787 1193 2830 masculinum
1226 2794 1268 2829 et
1295 2794 1487 2829 neutrum
1518 2788 1787 2844 grammatico
1815 2787 1920 2829 haec
1953 2787 2034 2828 duo
2056 2776 2211 2843 genera
2239 2786 2283 2828 in

340 2868 465 2892 unum
500 2853 725 2895 commixta
754 2868 862 2908 esse,
895 2854 1040 2897 eodem
1069 2855 1192 2897 modo
1223 2870 1304 2911 quo
1335 2855 1379 2896 in
1407 2855 1552 2911 lingua
1580 2854 1801 2911 gallicana.
1867 2853 1917 2895 Id
1947 2854 2059 2910 quod
2088 2855 2280 2910 inprimis

341 2919 542 2974 probatur
573 2922 749 2964 articulo
779 2921 935 2964 veteris
966 2922 1134 2977 linguae
1162 2922 1426 2976 hibernicae,
1464 2923 1536 2979 qui
1566 2922 1756 2979 proprias
1795 2921 1998 2978 cuiusque
2035 2922 2200 2977 generis
2238 2921 2279 2964 in

340 3001 511 3029 numero
544 2987 691 3030 saltem
724 2988 924 3045 singulari
955 2989 1107 3032 formas
1139 2990 1321 3033 exhibet.

906 3216 942 3263 I.
992 3217 1311 3264 Articulus
1347 3216 1712 3264 hibernicus.

468 3325 517 3367 In
550 3326 694 3382 lingua
722 3327 940 3369 hibernica
977 3328 1173 3369 radicalis
1205 3328 1365 3371 articuli
1406 3344 1592 3371 consona
1621 3328 1661 3370 N
1698 3328 1942 3384 plerumque
1978 3331 2050 3369 aut
2076 3325 2287 3383 geminata

339 3394 548 3436 invenitur
584 3395 658 3449 (ut
692 3394 735 3436 in
772 3395 967 3450 genetivo
1006 3395 1113 3451 sing.
1146 3396 1313 3452 generis
1344 3395 1556 3449 feminini,
1599 3395 1794 3452 genetivo
1833 3400 1875 3436 et
1903 3393 2143 3436 accusativo
2173 3393 2279 3449 plur.
