2336 3736
378 255 429 298 V.
463 258 499 298 1.
544 265 790 297 mammo
820 265 1012 296 GALLICA
1042 266 1100 295 ET
1130 266 1373 296 mmmmm
1406 265 1694 296 SPIRANTIUM.
1739 258 1832 296 (745.
1851 258 1930 308 ⁷455)
1976 257 2057 298 783

89 391 193 431 γηια
235 377 437 431 (aestuar.
470 376 703 430 Britann.),
752 372 922 426 Τάμεια
964 375 1133 432 (oppid.
1164 376 1292 429 Brit.)
1332 376 1440 419 Ptol.
1497 376 1658 419 Arbeia
1698 377 1868 433 (Brit),
1909 376 2060 421 Veleia

90 442 247 499 (Gall.)
278 444 411 486 Notit.
444 443 560 499 dign.
593 443 754 495 Celeia,
784 442 968 485 Matreia
997 442 1114 495 ltin-3
1147 457 1281 499 comp.
1300 443 1360 497 (Ρ)
1390 442 1620 486 Deiotarus
1643 443 1769 487 Caes.
1793 444 1884 487 Cic.
1928 444 2054 500 Apud

90 512 321 567 scriptores
353 510 450 553 hist.
484 513 592 565 Aug.
627 510 750 553 etiam
783 509 904 565 plura
933 509 1132 566 gallicam
1164 510 1367 564 originem
1400 511 1638 566 prodentia,
1669 518 1716 553 ut
1746 510 1911 563 Ateius,
1945 510 2057 553 Coc-

87 578 219 629 ceius,
249 578 531 633 Egnatuleium
564 584 642 619 ete.
703 576 771 618 Ex
799 577 1151 632 inscriptionibus
1182 577 1354 619 nomina
1383 578 1566 620 virorum
1599 584 1642 621 et
1659 578 1930 620 feminarum:
1963 576 2057 619 Ma-

87 645 196 687 leius
228 644 348 688 Grut.
374 645 470 694 878,
493 645 532 685 8.
579 643 708 687 Ateia
728 642 851 686 Grut.
874 644 970 695 742,
995 644 1034 685 3
1077 642 1294 695 Manneia,
1326 644 1482 687 Loreia
1510 643 1665 687 Murat.
1692 645 1782 696 174,
1807 646 1844 687 2.
1895 644 2051 699 Segeia

87 712 187 754 ibid.
214 713 333 763 1276,
357 714 396 755 8.
443 711 598 754 Careia
627 710 755 754 Carei
783 710 841 752 fil.
874 709 996 753 Grut.
1017 710 1114 763 428,
1136 712 1173 751 9.
1209 710 1303 763 468,
1326 712 1363 752 6.
1414 710 1599 754 Verbeia
1618 710 1739 765 (dea)
1770 710 1902 754 Orell.
1926 709 2049 753 2061.

86 777 316 834 Pompeius
347 777 534 822 Catussa
564 776 837 833 (sequanus)
867 776 999 819 Orell.
1021 778 1150 829 48033
1190 792 1287 819 oum
1314 778 1539 833 multiplici
1571 778 1851 821 derivatione:
1893 776 2051 820 Farsu-

90 847 172 889 leia
201 846 336 891 Stein.
370 846 465 887 799.
518 843 741 888 Sidonieia
777 843 899 887 Grut.
932 844 1027 896 736,
1058 844 1097 886 2.
1159 844 1346 887 Nomina
1383 844 1571 887 locorum
1610 844 1849 887 recentiora
1896 858 1919 887 e
1951 844 2052 900 dipl.

84 913 271 957 Mabill.:
315 912 509 964 Areium,
543 909 727 963 Oleium,
758 908 968 964 Lineium,
1000 910 1221 964 Moreium,
1252 910 1474 963 Milleium,
1508 910 1754 954 Berneium.
1790 912 2053 955 Arenoeium

86 988 166 1024 ete.
218 980 364 1035 Alteja
392 979 554 1034 (fluv.),
604 977 788 1034 Corbeja
817 977 1041 1033 (monast.)
1081 977 1191 1020 Boll.
1260 977 1517 1022 Produetam
1549 979 1571 1019 ἒ
1607 977 1734 1020 huius
1775 977 2053 1022 derivationis

86 1047 233 1089 testari
263 1045 462 1088 videntur
492 1044 706 1087 cambrica
744 1051 785 1087 et
814 1045 1047 1087 aremorica
1086 1045 1258 1087 nomina
1296 1045 1537 1102 frequentia
1566 1044 1808 1087 desinentia
1846 1046 1889 1087 in
1921 1061 1960 1095 e,
1996 1048 2052 1097 ui,

84 1127 129 1154 oe
159 1113 223 1168 (=
239 1112 274 1166 ἐ,
306 1128 377 1169 pp.
400 1114 467 1154 96.
490 1113 578 1167 98).
630 1111 740 1155 Sunt
761 1112 889 1154 etiam
918 1111 963 1153 in
984 1111 1354 1168 inscriptionibus:
1388 1112 1525 1155 Dome
1546 1112 1606 1166 (=
1634 1111 1893 1167 DomeiusP)
1916 1112 2050 1156 Stein.

84 1179 152 1222 68.
200 1178 410 1236 Talluppe
443 1179 576 1224 Stein.
613 1179 704 1221 184.
764 1180 834 1221 Ae
863 1185 962 1221 sunt
991 1178 1203 1221 cambrioa
1240 1178 1285 1220 in
1315 1182 1373 1220 -ezf
1408 1179 1650 1224 desinentia
1688 1194 1772 1220 non
1805 1178 1941 1221 solum
1979 1195 2051 1222 ve-

82 1252 216 1299 tusta,
257 1246 333 1289 sed
371 1246 499 1289 etiam
536 1246 741 1289 hodierna
779 1244 854 1301 (cf.
886 1245 1017 1289 deriv.
1050 1244 1188 1300 brit),
1228 1246 1382 1302 quibus
1420 1254 1465 1288 ut
1496 1246 1593 1289 aliis
1623 1262 1646 1287 v
1685 1247 1832 1288 subest
1850 1247 1878 1300 j
1910 1248 2050 1290 finalis

80 1313 142 1369 (p.
173 1314 285 1366 127).
344 1313 602 1371 Separamus
631 1321 770 1356 autem
802 1314 989 1358 Correus
1012 1312 1138 1356 Caes.
1192 1311 1459 1362 Ουιλλωνεος
1493 1314 1624 1357 Inser.
1660 1314 1722 1370 (p.
1754 1313 1855 1368 763)
1893 1314 1992 1356 sine'
2013 1316 2048 1368 j.

192 1379 282 1423 OJ-
313 1380 419 1436 (01)
458 1382 595 1423 rarius
626 1380 863 1434 invenitur,
901 1380 1110 1423 interdum
1138 1379 1321 1422 fortasse
1352 1381 1405 1423 ab
1440 1383 1544 1436 -051i-
1575 1380 1809 1438 profectum
1862 1380 1924 1436 (p.
1953 1382 2049 1436 48):

85 1446 224 1500 Soius,
259 1447 385 1501 Soio,
418 1447 548 1491 Boius
579 1463 675 1490 oum
707 1463 842 1505 comp.
873 1447 1113 1500 Boiocalus,
1149 1445 1418 1501 Boiodurum,
1453 1448 1635 1499 Boiorix,
1667 1447 2047 1501 Comboiomarus3

78 1514 244 1567 Koiio's‚
278 1514 409 1568 Soiio,
443 1513 655 1570 Boiiorix:
686 1515 978 1572 multipliciter
999 1514 1256 1558 derivatum:
1288 1514 1517 1558 Anteloius
1538 1513 1689 1570 (Beitr.
1710 1514 1793 1560 ΙΙΙ.
1820 1517 1911 1558 197.
1931 1516 2046 1572 200).

190 1715 548 1760 Hibernic-am
579 1717 608 1761 J
638 1733 852 1775 nusquam
883 1724 1095 1761 servatam
1129 1730 1226 1758 esse
1259 1730 1389 1772 supra
1419 1716 1481 1772 (p.
1502 1716 1580 1772 48)
1611 1716 1940 1770 demonstratum
1972 1727 2050 1761 est.

77 1783 221 1837 Quare
252 1799 361 1841 quae
383 1784 557 1828 nomina
587 1785 857 1828 substantiva
886 1786 956 1828 vel
985 1784 1198 1828 adiectiva
1227 1783 1272 1825 in
1293 1798 1333 1824 —e
1362 1783 1562 1826 exeuntia
1583 1784 1724 1839 potius
1754 1784 1808 1826 ad
1827 1785 2047 1841 pristinam

77 1852 419 1895 terminationem
449 1854 542 1895 -aia
569 1852 640 1895 vel
671 1853 752 1894 -eia
784 1867 909 1909 quam
940 1853 993 1895 ad
1024 1854 1088 1893 -ία
1116 1850 1310 1903 redeant,
1339 1850 1478 1893 adhue
1508 1849 1696 1892 discerni
1725 1852 1884 1907 nequit.
1935 1852 2049 1896 Con-

77 1918 278 1961 ferendae
307 1926 449 1962 tamen
481 1926 582 1962 sunt
610 1918 770 1962 formae
799 1920 940 1961 rindetb
970 1918 1202 1975 (Iudaeis),
1234 1919 1373 1970 iudea,
1405 1916 1546 1959 indm
1567 1917 1793 1973 (Iudaeos)
1824 1919 1922 1963 Wb.
1953 1935 2047 1962 cum

76 1985 321 2029 nominibus
351 1985 521 2042 gallicis
551 2000 682 2043 supra
711 1986 864 2029 allatis.

937 2067 1190 2074 μ.-

189 2189 227 2232 V
259 2190 460 2233 derivans
491 2198 591 2247 post
620 2205 831 2233 consonas
877 2198 923 2233 ut
951 2191 996 2233 in
1027 2191 1296 2233 substantivo
1327 2189 1482 2246 gallico
1512 2198 1647 2231 tao-cos
1677 2190 1865 2246 (taurus)
1896 2191 2045 2246 Inscr.,

75 2256 118 2298 in
140 2257 384 2299 nominibus
406 2257 565 2310 Helvii,
588 2257 793 2311 Helvetii,
816 2258 976 2311 Nervii,
1011 2258 1208 2312 Arverni,
1240 2258 1301 2299 ita
1318 2257 1496 2300 forsitan
1527 2257 1572 2298 in
1594 2258 1690 2299 aliis
1713 2271 1842 2313 supra
1861 2258 1922 2315 (p.
1943 2261 2046 2314 764)

81 2323 160 2367 sub
203 2340 230 2366 u
260 2324 471 2381 appositis
509 2325 566 2368 sit
595 2326 831 2368 statuenda.
891 2325 1053 2368 Eadem
1091 2325 1133 2367 in
1167 2325 1348 2368 vetustis
1377 2325 1619 2367 nominibus
1650 2325 1817 2380 gallicis
1856 2328 1923 2368 vel
1962 2326 2045 2370 bri-

80 2392 266 2436 tannicis
297 2406 390 2435 oum
412 2393 610 2435 omnibus
630 2393 851 2436 vocalibus
874 2394 1099 2436 invenitur.
1141 2392 1269 2436 AV-:
1302 2393 1498 2442 Vellavii,
1529 2392 1790 2445 Litaviccus,
1815 2392 2043 2436 Convicto-

79 2460 225 2503 litavis
269 2459 396 2504 Caes.
458 2457 731 2514 Koovoobaoz
772 2460 891 2518 (pop.
922 2460 1050 2516 Brit.)
1087 2459 1198 2503 Ptol.
1255 2460 1437 2504 Genava
1472 2460 1528 2516 fq.
1579 2460 1809 2513 Iuvavum,
1853 2463 2042 2513 Ausava,

73 2526 293 2580 Massava,
325 2525 547 2580 Nemavia,
580 2525 769 2570 Vosavia
799 2527 898 2582 (loe.
920 2528 1079 2581 Nox-io„
1111 2527 1339 2582 Vindelie„
1363 2527 1498 2582 Gall.)
1521 2526 1626 2569 Tab.
1648 2527 1706 2569 Ρ.·
1743 2526 1911 2571 Galava
1940 2529 2040 2584 (loc.

75 2593 203 2650 Brit.)
234 2593 334 2637 ltin.
363 2596 467 2637 Ant.
518 2593 689 2637 Iaacavo
722 2595 844 2651 (deo)
874 2594 1010 2638 Inscr.
1043 2594 1175 2640 Orell.
1199 2596 1320 2639 2018.
1372 2595 1555 2637 Alavius
1587 2593 1768 2638 Steiner.
1791 2597 1886 2637 870.
1934 2595 2041 2638 Cas-

73 2676 206 2705 savus
238 2661 414 2718 (Glfick.
439 2660 529 2716 85),
585 2661 811 2718 Segusiavi
842 2660 970 2705 Caes.
1001 2662 1138 2704 lusor.
1183 2661 1409 2706 Vellavum
1439 2661 1696 2704 territorium
1738 2662 1855 2717 (hod.
1886 2663 1925 2704 le
1955 2662 2040 2704 *Ve-

70 2728 176 2784 lay),
209 2728 391 2771 Vellava
419 2728 683 2785 urbs-Greg.
715 2728 813 2771 Tur.
836 2731 875 2781 4,
897 2730 964 2771 47.
1003 2732 1064 2782 10,
1088 2732 1154 2772 25.
1196 2744 1332 2787 pagus
1364 2728 1640 2771 Berravensis
1669 2728 1727 2771 id.
1755 2730 1795 2781 6,
1822 2731 1884 2770 12.
1939 2729 2040 2770 Rio—

70 2808 193 2848 nava,
225 2797 423 2839 Ambava
452 2795 632 2852 Fredeg.
665 2811 700 2838 e.
721 2798 789 2838 42.
820 2797 912 2838 106.
973 2798 1286 2854 Apud2poetas
1315 2795 1451 2839 vocali
1482 2796 1709 2852 producta:
1742 2796 1922 2838 rhetoris
1946 2795 2042 2837 Pio·

69 2862 222 2915 taurici,
262 2864 428 2905 Auson.
462 2863 595 2919 epigr.
627 2865 694 2905 51.
754 2863 942 2906 Saravus
972 2865 1138 2907 Auson.
1187 2863 1376 2915 Mosell.,
1415 2862 1618 2906 Timavus
1659 2862 1806 2906 Sidon.
1876 2862 2039 2905 Eodem

71 2929 163 2972 sine
195 2929 324 2972 dubio
353 2931 541 2987 pertinet
569 2945 646 2972 -au
676 2930 720 2971 in
752 2931 931 2987 syllabis
965 2931 1257 2973 derivantibus
1289 2947 1412 2978 aum.
1452 2947 1547 2973 aus·-
1579 2937 1677 2979 ete.,
1722 2941 1768 2971 ut
1800 2944 1851 2971 ex
1882 2929 2041 2973 Elaver

70 2996 213 3052 prodit
240 2995 413 3040 Elauris
444 2997 506 3054 (p.
533 2997 650 3052 779).

182 3061 306 3106 Ev-:
337 3064 554 3108 Lutevani
585 3064 697 3106 Plin.
720 3065 757 3117 3,
779 3066 820 3106 4.
865 3064 1043 3118 Luteva,
1073 3065 1240 3108 Loteva
1269 3065 1402 3120 (Gall.
1426 3065 1594 3120 merid.)
1625 3063 1729 3106 Tab.
1754 3063 1800 3106 P.
1854 3065 2039 3119 Sulevis,

69 3128 322 3173 Suleviabus
362 3131 560 3188 Inscript.
600 3129 732 3173 Orell.
765 3133 887 3174 2100.
919 3134 1040 3174 2101.
1108 3132 1270 3176 Caleva
1306 3131 1428 3188 (Brit.
1472 3133 1592 3189 opp.)
1630 3132 1728 3174 Itin.
1770 3132 1892 3185 Ant„
1951 3133 2039 3171 Ka-

70 3192 211 3251 ληούα
245 3196 355 3240 Ptol.

181 3264 283 3307 IV-:
335 3260 624 3319 Οὐεργιούιος
654 3260 892 3320 (ὠκεανός
923 3267 977 3310 ef.
1008 3283 1049 3325 p.
1077 3267 1148 3321 ll)
1178 3266 1289 3309 Ptol.
1335 3267 1521 3309 Suliviae
1553 3267 1784 3309 Idennieae
1816 3266 2037 3309 Minervae

68 3329 202 3373 Inscr.
241 3332 438 3376 Nemaus.
478 3333 609 3376 Orell.
641 3334 766 3376 2051.
817 3333 1029 3388 Dexsiva,
1070 3334 1281 3377 Dexsivia
1315 3334 1449 3377 lusor.
1493 3333 1625 3377 Orell.
1659 3336 1778 3377 1988.
1832 3333 2037 3376 Baoivum

68 3398 170 3441 villa
197 3398 377 3456 Fredeg.
410 3416 446 3443 o.
473 3402 538 3443 96.
1242 3393 1244 3396 V
