2336 3736
564 229 637 273 VI.
670 230 709 271 2.
761 239 1081 272 cous-rnucrm
1111 237 1310 270 romum
1341 237 1545 269 cnuncA.
1729 227 1939 267 (911·1133)
1983 226 2066 268 935

203 353 324 396 Inter
353 354 500 396 horum
532 360 675 395 autem
702 351 958 409 populorum
988 351 1178 406 ipsorum
1209 349 1397 392 carmina
1426 348 1482 391 ad
1513 363 1715 390 sonorum
1746 346 2062 404 congruentiam

93 426 236 476 aptata
264 420 490 463 intercedit
520 420 653 462 altera
683 419 894 476 quaedam
925 416 1175 460 differentia.
1225 415 1315 458 Alii
1348 415 1460 458 enim
1491 415 1584 458 sola
1611 414 1908 472 principalium
1939 429 2067 457 sono-

90 502 178 528 rum
210 487 489 543 congruentia
518 487 666 544 (quam
697 493 855 528 vocant
885 483 1249 538 allitterationem)
1282 484 1523 534 observata,
1558 489 1603 523 ut
1633 481 1855 533 Germani,
1888 482 1931 524 in
1964 496 2062 523 sen-

89 554 234 596 tentiis
266 555 448 610 poetio³s
483 555 550 597 vel
587 552 812 597 versiculis
842 552 967 595 binas
997 550 1067 594 vel
1098 560 1243 592 ternas
1271 564 1402 592 voces
1435 549 1749 592 constituerunt
1786 549 1933 591 eadem
1963 563 2065 591 con-

89 635 197 663 sona
243 621 464 664 inchoatas
503 621 573 663 vel
614 620 834 663 vocalibus
875 620 1006 675 (quae
1044 632 1194 660 omnes
1229 616 1341 658 inter
1381 630 1429 658 se
1470 615 1765 670 concordant).
1833 615 1921 658 Alii
1963 630 2064 657 con-

89 689 328 743 gruentiam
367 702 568 731 sonorum
602 703 689 730 non
727 687 864 729 solum
894 687 939 728 in
969 685 1182 742 principio
1214 698 1386 735 vocum,
1419 683 1492 725 sed
1526 683 1654 724 etiam
1685 683 1729 724 in
1760 682 1958 724 extremis
1989 697 2063 724 vo-

88 754 209 797 cibus
241 755 392 797 sectati
423 761 523 797 sunt
552 761 679 810 atque
709 754 754 796 in
783 753 938 795 mediis
970 753 1090 809 ipsiS,
1123 766 1250 809 quem
1281 756 1473 792 ornatum
1511 750 1597 792 iam
1635 755 1803 792 vetusta
1833 748 1992 791 habent
2022 756 2067 791 et

89 821 378 864 Hibernorum
408 828 450 864 et
480 821 761 866 Cambrorum
792 820 994 863 carmina.
1045 819 1318 875 Quamquam
1348 817 1486 859 minor
1515 817 1559 858 in
1580 815 1733 858 mediis
1757 815 1935 857 vocibus
1967 830 2063 857 esse

84 894 227 943 potest
256 904 459 931 sonorum
499 887 778 943 congruentia
809 902 934 944 quam
971 887 1015 928 in
1046 884 1260 936 extremis,
1292 883 1366 925 ubi
1397 889 1549 940 poetae
1582 883 1765 926 Hiberni
1811 888 1852 923 et
1890 881 2062 925 Cambri

92 955 214 997 binas
250 956 321 998 vel
356 956 501 1011 plures
540 970 667 998 voces
697 970 783 996 non
815 954 961 996 eadem
1000 960 1161 995 tantum
1195 965 1403 1004 consona,
1437 950 1514 992 sed
1545 950 1695 992 eadem
1727 949 1894 1003 syllaba
1921 948 2064 990 termi-

88 1037 190 1064 nare
229 1022 379 1065 solent.
441 1023 640 1065 Pleniore
679 1021 758 1064 hac
796 1021 1095 1073 consonantia,
1144 1019 1291 1061 eadem
1322 1017 1462 1061 vocali
1496 1017 1727 1072 eademque
1759 1030 1950 1058 consona
1978 1022 2062 1056 ter-

82 1089 230 1131 minali
268 1090 461 1132 binarum
498 1089 567 1132 vel
608 1089 787 1144 plurium
827 1102 978 1131 vocum
1009 1087 1051 1130 in
1091 1086 1239 1129 eodem
1284 1099 1410 1128 versu
1441 1083 1510 1129 vel
1541 1086 1585 1127 in
1622 1082 1915 1140 compluribus
1946 1081 2062 1137 posi-

83 1163 240 1209 tarum,
280 1157 364 1199 iam
402 1156 573 1199 Cambri
606 1162 773 1198 veteres
805 1160 998 1207 utuntur,
1031 1154 1265 1209 eademque
1298 1154 1356 1195 uti
1390 1153 1531 1196 solent
1568 1150 1772 1203 Hiberni‚
1815 1150 1893 1191 etsi
1936 1163 2063 1192 voca-

85 1221 185 1264 lium
218 1224 467 1266 varietatem
497 1224 755 1277 concedunt,
795 1229 842 1265 ut
880 1223 1143 1265 concordent
1169 1221 1281 1263 inter
1312 1235 1359 1264 sc
1396 1237 1477 1275 -us,
1509 1223 1575 1273 -ίε,
1607 1235 1689 1272 -es,
1730 1218 1800 1277 vel
1831 1219 1921 1271 -z'm,
1956 1231 2059 1268 -am,

82 1304 165 1331 -em
201 1292 352 1334 finales
392 1292 539 1334 eodem
571 1291 719 1343 modo,
750 1306 833 1347 quo
866 1291 1127 1334 concordant
1155 1288 1418 1345 principales
1449 1288 1622 1331 vocales
1654 1286 1864 1329 diversae.
1935 1283 2060 1337 Quae

82 1359 362 1413 congruentia
381 1374 665 1402 consonarum
686 1359 870 1401 solarum
902 1358 1104 1400 maiorem
1136 1363 1392 1400 vetustatem
1413 1355 1578 1398 redolet
1600 1361 1641 1396 et
1659 1353 1857 1396 habenda
1887 1359 1955 1395 cst
1974 1351 2060 1408 pri·

80 1426 230 1468 mitiva
259 1427 416 1480 forma,
446 1434 597 1484 postea
627 1427 792 1469 demum
823 1427 877 1468 ad
907 1426 1074 1482 plenam
1106 1425 1433 1467 consonantiam
1472 1423 1642 1464 finalem
1672 1430 1900 1477 provecta,
1934 1434 2060 1477 quam

80 1492 238 1535 cultam
269 1495 537 1548 potissimum
569 1510 595 1536 a
623 1494 824 1549 gentibus
856 1492 1168 1536 recentioribus
1199 1492 1400 1549 Europae
1428 1491 1579 1534 dicunt
1609 1490 1809 1531 eram*.

170 1619 186 1635 ⁸
219 1617 246 1651 Ε
319 1644 327 1651 .
360 1616 521 1662 ῥυθμός,
552 1617 739 1661 rhythmus
780 1626 905 1651 nomen
938 1617 1083 1651 ducunt.
1138 1617 1233 1659 Quae
1264 1626 1329 1650 vox
1363 1624 1573 1661 quamquam
1615 1613 1715 1657 longe
1753 1613 1856 1647 aliam
1887 1612 2060 1657 principio

79 1672 149 1696 rem
176 1629 394 1708 signifiziavia
422 1666 542 1708 postea
564 1666 681 1698 tamen
706 1663 742 1696 in
767 1662 862 1696 illum
889 1673 990 1697 usum
1019 1663 1201 1703 aberravit,
1228 1661 1286 1707 qui
1312 1672 1374 1706 per
1398 1661 1549 1695 medium
1576 1669 1699 1693 aevum
1724 1659 1845 1703 viguit,
1873 1659 1913 1692 ut
1936 1657 2058 1702 rhyth-

78 1709 186 1742 micae
210 1710 466 1754 compositioni,
499 1720 567 1753 qua
601 1708 740 1742 nomine
774 1709 986 1743 notabantur
1011 1718 1132 1743 versus
1156 1708 1299 1743 celticae
1323 1709 1542 1747 structurae,
1568 1706 1653 1740 certi
1679 1704 1890 1749 syllabarum
1923 1703 2059 1738 numeri

76 1763 155 1788 cum
180 1755 418 1796 consonantia,
446 1759 680 1799 opponeretur
703 1754 859 1794 metrica,
885 1764 954 1798 qua
978 1755 1200 1798 antiquorum
1226 1756 1336 1788 metra
1367 1752 1605 1788 imitabantur.
1656 1749 1762 1784 Cuius
1794 1749 2060 1784 consuetudinis

75 1801 268 1844 exemplum
294 1800 437 1844 praebet
462 1800 600 1836 diaconi
630 1799 696 1834 Lul
720 1799 888 1843 epistula,
915 1803 1040 1845 quarta
1064 1801 1157 1834 inter
1180 1798 1422 1834 Bonifacianas
1452 1797 1504 1832 ed.
1530 1797 1661 1832 Serar.:
1691 1796 1878 1837 „Obsecrm
1904 1797 1948 1829 ut
1971 1794 2058 1829 mihi

76 1844 247 1879 Aldhelmi
271 1846 426 1890 episcopi
450 1846 565 1890 aliqua
588 1847 756 1890 opuscula
779 1855 842 1880 seu
865 1855 1042 1889 prosarum
1077 1855 1151 1879 seu
1177 1846 1407 1879 metrorum
1438 1846 1516 1878 aut
1539 1841 1887 1887 rhythmiclorum
1913 1840 2059 1886 dirigere

76 1889 226 1934 digneris
250 1892 295 1925 ad
320 1892 589 1926 consolationem
614 1892 902 1936 peregrinationis
929 1901 1024 1925 meae
1047 1894 1083 1925 et
1105 1891 1149 1925 ob
1173 1891 1373 1924 memoriam
1397 1889 1507 1934 ipsius
1530 1888 1623 1922 beati
1650 1887 1853 1921 antistitis.“
1897 1885 1967 1920 Nec
1991 1885 2059 1920 alia

76 1935 202 1970 desunt
220 1938 433 1971 testimonia:
465 1936 630 1975 „Versum
647 1938 813 1972 scoticum
831 1937 1018 1970 noluerunt
1034 1937 1086 1970 vel
1112 1936 1361 1980 rhythmice
1386 1945 1461 1968 seu
1487 1933 1670 1968 metrice
1695 1933 1732 1966 in
1749 1932 1913 1966 Latinum
1938 1933 2057 1966 verti.“

78 1980 159 2016 Vita
174 1982 208 2016 S.
234 1982 375 2017 Declani
399 1993 455 2027 ap.
480 1982 565 2018 Boll.
592 1984 646 2025 (cf.
674 1985 744 2021 961
765 1985 853 2023 not.)
896 1983 1137 2027 „Apostolicae
1152 1981 1243 2016 sedis
1261 1981 1417 2026 pontifex
1441 1990 1510 2014 non
1534 1979 1645 2013 solum
1670 1989 1721 2019 ea,
1748 1988 1835 2022 quae
1859 1978 1981 2012 beatus
2006 1978 2059 2012 vir

75 2025 249 2061 Notkerus
273 2027 472 2069 dictaverat,
498 2039 615 2063 verum
642 2028 745 2062 etiam
771 2039 821 2070 ea,
848 2037 937 2072 quae
959 2028 1041 2062 socii
1065 2030 1100 2062 et
1124 2028 1247 2062 fratres
1269 2027 1344 2061 eius
1368 2028 1406 2061 in
1431 2026 1550 2061 eodem
1575 2024 1783 2058 monasterio
1800 2023 1832 2058 S.
1852 2022 1941 2058 Galli
1965 2033 2057 2058 com-

76 2077 283 2116 posuerant,
309 2074 424 2108 omnia
448 2075 676 2114 canonizavit,
702 2074 861 2109 videlicet
886 2074 1045 2118 hymnos,
1070 2074 1281 2118 sequentias,
1307 2074 1435 2117 tropos,
1459 2072 1616 2110 letaniaS‚
1642 2079 1829 2114 omnesque
1854 2069 2057 2110 cantilenas,

75 2118 304 2160 rithmice‚
329 2120 506 2153 metrice
531 2120 583 2154 vel
607 2120 771 2164 prosaice,
797 2129 884 2164 quas
900 2120 1084 2155 fecerant.“
1118 2118 1312 2154 Eklrehardi
1339 2118 1425 2152 Vita
1441 2116 1481 2152 B.
1500 2116 1639 2151 Notkeri
1665 2125 1719 2159 ap.
1740 2114 1894 2150 Goldast.
1925 2118 1952 2155 1,
1979 2118 2057 2150 236.

77 2164 235 2204 „Parvuli
260 2164 368 2199 latine
394 2175 455 2209 pro
477 2175 589 2207 nosse,
614 2165 718 2201 medii
742 2165 963 2206 rithmice‚
988 2166 1092 2200 ceteri
1119 2175 1198 2199 vero
1223 2164 1405 2199 metrice
1429 2163 1530 2208 quasi
1555 2171 1618 2207 pro
1641 2161 1760 2195 rostris
1787 2161 1931 2195 retorice
1951 2161 2055 2195 etiam

73 2210 273 2254 episcopum
299 2209 480 2245 affantur.“
530 2210 724 2246 Ekkehardi
754 2210 866 2246 Casus
897 2210 932 2245 S.
966 2209 1057 2245 Galli
1082 2221 1138 2256 sp.
1163 2210 1274 2244 Pertz.
1302 2213 1341 2250 2,
1365 2212 1419 2244 91.
1470 2208 1683 2250 Quibuscum
1708 2206 1792 2241 haec
1824 2206 2056 2250 comparanda

75 2257 160 2289 sunt
193 2266 235 2289 ex
261 2254 386 2290 O’Dav.
418 2257 601 2301 glossario:
640 2255 771 2291 Metuir
793 2256 829 2291 ,ιζ
861 2255 1071 2302 eomarduylz
1103 2257 1140 2290 in
1169 2255 1275 2290 dana.
1308 2259 1347 2289 ut
1370 2259 1440 2288 est.-
1472 2252 1581 2288 amail
1609 2251 1742 2297 ronqab
1771 2250 1889 2285 rithim
1920 2251 2056 2286 arr-adh

73 2300 196 2334 metua-
219 2300 253 2336 .i.
278 2301 388 2335 mnail
414 2301 522 2346 royab
546 2301 680 2344 richini,
706 2302 721 2336 i
739 2301 789 2346 fil
818 2300 927 2336 binmln
953 2311 1012 2336 cen
1036 2306 1166 2343 certum
1190 2298 1326 2335 arr-adh
1348 2300 1472 2335 mecuir
1497 2299 1531 2334 A.
1557 2297 1668 2332 hinnis
1692 2295 1714 2331 7
1741 2301 1862 2338 certae,
1888 2297 1972 2330 uair
1997 2296 2058 2331 bid

73 2344 182 2380 hinnis
209 2357 247 2380 co
272 2350 383 2380 cerm
406 2346 474 2381 isin
496 2351 606 2381 metar
628 2346 649 2381 7
675 2347 785 2381 hinnis
810 2357 869 2382 cen
893 2350 1004 2381 certus
1029 2346 1097 2381 isin
1120 2345 1234 2380 ritkim
1260 2348 1468 2388 (metrum
1500 2346 1524 2379 i.
1549 2355 1579 2379 e.
1604 2341 1790 2378 artificium
1817 2344 1990 2377 carminis.
2014 2346 2056 2376 ut

74 2393 144 2443 est:
170 2402 236 2425 am.
262 2400 291 2425 r.
317 2401 350 2426 r.
374 2403 408 2427 a.
431 2403 475 2427 m.
500 2393 522 2427 i,
548 2403 579 2426 e.
604 2395 645 2427 ut
675 2395 730 2427 est
754 2393 954 2437 rhythmus,
978 2393 1013 2427 in
1039 2402 1108 2437 quo
1132 2394 1186 2427 est
1207 2391 1376 2426 sonoritas
1402 2392 1476 2425 sine
1500 2398 1663 2429 numero,
1700 2390 1920 2434 comparatus
1947 2391 2056 2423 metro

75 2447 96 2470 ι.
122 2446 151 2470 e.
175 2437 356 2471 sonoritati
381 2439 417 2471 et
439 2447 592 2479 numero,
621 2439 705 2482 quia
727 2442 781 2472 est
805 2438 977 2473 sonoritas
1001 2448 1078 2472 cum
1104 2447 1248 2472 numero
1279 2438 1317 2472 in
1340 2440 1450 2472 metro
1485 2439 1520 2471 et
1544 2435 1716 2470 sonoritas
1747 2434 1821 2469 sine
1852 2439 1997 2468 numero
2020 2433 2057 2468 iu

73 2482 260 2534 rhythmo).
310 2482 410 2517 Unde
435 2483 689 2518 emendandum
718 2487 773 2518 est
796 2484 941 2518 alterum
967 2484 1180 2528 exemplum:
1207 2482 1343 2516 Arrath
1368 2483 1400 2517 .i.
1428 2479 1613 2524 asaro-adh.
1639 2484 1676 2513 ut
1702 2485 1768 2514 est.-
1794 2477 1904 2512 amail
1926 2478 2056 2524 royablz

71 2526 142 2579 <³²7¹
165 2527 337 2561 imaro-atla
359 2528 515 2562 ineckuir
542 2529 621 2574 [leg.
645 2529 762 2563 rithim
787 2527 912 2562 arrath
934 2529 1071 2572 metuir]
1102 2529 1134 2563 .i.
1160 2527 1348 2562 iaamhlaid
1371 2528 1462 2562 atait
1483 2538 1531 2561 na
1556 2524 1660 2560 bair-d
1683 2525 1808 2559 arrath
1840 2535 1886 2557 na
1909 2523 1999 2569 filed
2024 2524 2056 2558 ,ιζ

76 2572 240 2625 tqatnlaid
268 2574 359 2606 atait
388 2584 435 2607 na
469 2573 574 2607 baird
603 2575 768 2609 cintomus
794 2585 862 2608 acu
897 2573 1044 2617 ifarrad
1073 2584 1119 2608 na
1139 2573 1230 2618 filed
1261 2573 1404 2617 (arrath
1436 2574 1458 2608 i.
1484 2584 1514 2608 e.
1548 2573 1585 2607 in
1616 2571 1884 2617 comparatione.
1914 2573 1954 2605 ut
1985 2573 2056 2604 est:

16 2624 19 2626 '
71 2620 162 2652 sicut
186 2620 239 2652 est
262 2618 449 2663 rhythmus
475 2623 696 2664 comparatus
723 2622 845 2661 metro,
870 2620 893 2654 i.
919 2630 947 2653 e.
972 2620 1022 2654 sir
1049 2623 1132 2654 sunt
1157 2618 1255 2653 bardi
1279 2619 1471 2664 comparati
1506 2618 1616 2663 poetis
1642 2617 1754 2651 doctis
1787 2617 1809 2650 i.
1835 2626 1854 2649 e
1891 2616 1941 2649 sic
1972 2618 2056 2649 sunt

75 2663 172 2697 bardi
204 2664 278 2697 sine
303 2674 465 2699 mensura
488 2664 581 2710 apud
608 2674 644 2700 se
669 2666 833 2709 (quinon
849 2664 1046 2699 didicerunt
1064 2665 1346 2710 compositionem
1364 2664 1558 2705 metricam)
1577 2663 1767 2707 comparati
1784 2661 1897 2706 poetis
1921 2661 2055 2701 doctis),

72 2718 221 2761 quocum
245 2709 453 2744 conferenda
477 2713 579 2751 sunt,
615 2721 703 2755 quae
727 2710 855 2746 ibidem
880 2711 1077 2755 produntur
1101 2720 1126 2744 s.
1155 2721 1206 2744 vv.
1247 2710 1339 2744 eolus
1364 2714 1400 2744 et
1430 2709 1515 2755 eyia.
1546 2711 1613 2743 'At
1643 2717 1822 2752 nunquam
1848 2707 1886 2740 in
1909 2706 2055 2740 vetustis

75 2754 171 2788 libris
196 2757 259 2788 aut
283 2753 470 2789 hibernicis
495 2758 557 2789 aut
583 2755 787 2790 britannicis
813 2756 1104 2800 computationem
1155 2755 1301 2789 osticam
1327 2755 1462 2789 indicat
1484 2765 1552 2789 vox
1576 2753 1653 2794 rim,
1679 2751 1839 2797 quamvis
1864 2752 2055 2795 frequentis

71 2798 156 2833 alias
174 2809 275 2834 usus.
324 2799 478 2844 Simplex
510 2800 579 2834 hib.
606 2801 715 2836 subst.
741 2801 779 2836 in
805 2802 864 2847 Sg.
892 2805 991 2835 181³:
1022 2800 1112 2846 dliye
1164 2801 1261 2834 rimoe
1298 2799 1426 2835 ocairli
1453 2800 1524 2835 kal.
1557 2800 1616 2843 (gl.
1648 2798 1690 2832 de
1720 2798 1871 2832 ratione:
1909 2806 1989 2830 cum
2022 2796 2053 2830 ei

71 2845 133 2888 qui
156 2854 219 2879 nos
243 2846 394 2898 pupugit
418 2845 598 2887 talionem,
623 2847 658 2880 id
682 2850 754 2887 est,
779 2848 889 2881 vicem
914 2857 935 2882 a
959 2846 1057 2882 nobis
1079 2845 1248 2881 redditam
1274 2845 1490 2881 ostendimus
1506 2872 1514 2887 ,
1537 2845 1707 2889 repupugi
1732 2843 1892 2883 dicimus,
1917 2841 2056 2886 quando

71 2899 149 2942 vero
173 2890 215 2924 de
230 2892 371 2943 'ra-tione
388 2891 441 2925 vel
459 2891 658 2926 kalendario
683 2892 866 2936 loquimur,
892 2892 1039 2937 repunxi
1065 2892 1126 2937 [gl.
1151 2890 1451 2934 adrothoirudim]
1477 2891 1637 2931 dicimuS,
1661 2890 1717 2924 Pr.
1740 2893 1792 2930 10,
1811 2890 1843 2929 5,
1861 2891 1931 2928 32).
1969 2885 2054 2920 Inde

71 2934 176 2969 denv.
202 2944 320 2969 nmzre
343 2938 605 2980 (computator):
630 2937 660 2971 ie
685 2947 767 2971 assu
792 2939 895 2972 laem
921 2936 1070 2971 rimairu
1093 2938 1161 2979 (est
1184 2936 1318 2971 facilius
1344 2936 1661 2981 computatoribus3
1688 2934 1730 2969 cf.
1755 2944 1788 2978 p.
1816 2935 1896 2975 304)
1924 2932 1977 2966 Gr.
2003 2935 2052 2966 3¹0.

71 2979 245 3024 Frequens
278 2983 337 3034 esyt-
360 2981 452 3016 verb.
484 2991 595 3025 comp.
621 2993 700 3017 cum
736 2982 799 3017 ad·
822 2985 1053 3028 (computare,
1079 2983 1263 3027 imputare,
1288 2984 1430 3027 putare,
1455 2983 1658 3021 aestimare,
1685 2979 1822 3023 saepius
1847 2977 1938 3012 idem
1964 2977 2052 3012 indi-

74 3035 156 3059 cans
183 3026 271 3071 quod
298 3027 447 3067 azo-mim,
472 3036 626 3067 numer0,
651 3031 687 3062 et
711 3038 791 3063 cum
819 3039 858 3062 eo
884 3029 1092 3069 alternans>z
1124 3026 1210 3061 mad
1231 3026 1458 3061 iamaicniud
1482 3025 1673 3062 adrimther
1706 3026 1749 3066 (si
1774 3025 1964 3058 secundum
1992 3034 2050 3057 na-

73 3073 183 3105 turam
210 3074 450 3116 computatur)
477 3071 533 3106 Cr.
558 3075 607 3106 3·“.
658 3072 798 3107 adciam
830 3075 964 3108 aeeenel
1000 3072 1126 3107 eruche
1151 3071 1340 3107 adrimtlier
1363 3071 1565 3108 incoicsath.
1594 3072 1680 3116 filus
1706 3070 1901 3105 mekenelae
1925 3074 2054 3105 martra

71 3116 251 3150 adv-imiter
290 3116 454 3169 arc-retich
487 3118 658 3158 (videmus
694 3130 804 3163 genus
835 3121 947 3154 crucis
980 3119 1167 3163 imputari,
1198 3119 1409 3161 existimari,
1452 3118 1741 3163 compassionem3
1780 3119 1866 3150 sunt
1898 3116 1965 3151 tria
1995 3128 2050 3162 ge-

70 3172 153 3195 nera
178 3163 349 3215 martyrii.
363 3173 451 3208 quae
476 3167 725 3208 computantur
749 3175 812 3210 pro
838 3166 953 3207 cruce)
981 3164 1074 3200 Cam.
1118 3162 1237 3199 tz'clm‘n
1261 3163 1346 3197 iuna
1362 3163 1480 3210 epistle
1497 3162 1698 3198 adrimt'eom
1712 3161 1924 3197 aratkichtin
1937 3163 2052 3205 sesam

71 3206 270 3247 (adventum
297 3208 464 3253 epistulae
488 3209 651 3243 aestimat
700 3219 738 3244 ro
761 3220 826 3244 suo
850 3211 964 3255 ipsius
989 3210 1153 3249 adventu)
1179 3209 1259 3244 Wb.
1287 3211 1357 3244 14⁶.
1408 3208 1534 3243 donaih
1585 3207 1783 3243 ecthaclaaib
1808 3208 1845 3241 πί
1874 3207 2052 3242 a'irmisom

71 3250 115 3285 cin
139 3252 419 3306 archumeuqud
440 3253 600 3288 amabas
625 3220 732 3289 imfda
758 3255 915 3290 doeuidib
941 3253 1148 3300 comseuqud
1169 3255 1225 3289 im.
1252 3256 1373 3290 iustor.
1398 3254 1481 3289 abac
1508 3254 1678 3288 immthith
1703 3253 1765 3288 so'n
1790 3252 2051 3288 adindre'misom

71 3298 127 3341 (gl.
154 3308 272 3332 omnes
297 3298 436 3352 quidem
461 3309 680 3353 resurgemus
706 3300 766 3335 sed
791 3311 861 3336 non
885 3311 1003 3335 omnes
1029 3300 1312 3342 immutabimur3
1343 3301 1367 3336 i.
1391 3311 1420 3334 e.
1445 3300 1686 3345 peccatoribus
1717 3310 1786 3334 non
1820 3303 1980 3334 numerat
2002 3301 2050 3342 id,

69 3353 262 3387 resurgere,
299 3354 362 3388 pro
397 3347 661 3387 immutanone,
700 3357 781 3382 nam
812 3350 866 3381 est
895 3357 913 3381 e
946 3350 1054 3381 morte
1085 3346 1123 3380 in
1155 3347 1298 3380 mortem
1330 3345 1408 3386 iniss,
1443 3346 1642 3380 immutatio
1673 3348 1788 3381 autem
1820 3346 1990 3380 iustorum
2032 3357 2050 3380 e

70 3391 180 3424 morte
203 3390 243 3424 in
268 3389 393 3431 vitam,
430 3391 516 3425 haec
551 3393 615 3433 est,
642 3402 747 3437 quam
772 3394 946 3434 numerat)
974 3392 1053 3426 Wb.
1083 3393 1150 3425 13³.
1192 3389 1391 3435 adrimfiter‚
1418 3390 1617 3435 adrimfeter
1642 3391 1700 3437 (gl.
1727 3391 1787 3426 sed
1815 3392 1898 3427 haec
1925 3394 2046 3436 postea
