2336 3736
222 237 370 281 XLIV
950 247 1225 279 raoomnuu
1254 246 1482 279 annonis.

222 362 415 418 repetitis
446 361 731 404 transcribere
771 367 814 402 et
844 373 1075 416 excerpere
1113 360 1284 414 liceret,
1324 361 1573 417 praesertim
1614 373 1721 417 quae
1764 361 1818 404 ad
1846 359 1980 415 Quill.
2011 361 2201 418 (Quille-

221 435 345 489 vere)
375 435 645 478 referrentur.

337 507 387 548 In
418 514 635 563 postrema
676 507 845 548 demum
883 504 1026 561 operis
1072 510 1194 560 parte
1239 506 1461 562 occupatis
1501 520 1661 549 novum
1699 506 1988 549 adiumentum
2016 507 2202 551 oblatum

226 586 302 633 est,
336 580 448 622 unde
480 579 727 622 hodiernam
759 578 1033 621 dialectorum
1068 578 1314 621 varietatem
1345 578 1482 635 magis
1515 578 1718 622 adnotare
1747 593 1993 635 possemus:

335 653 376 695 N
386 667 589 695 ouveau
621 650 1005 694 Dictionnaire
1037 650 1233 708 pra-tique
1253 651 1440 705 francais
1473 658 1517 693 et
1537 651 1686 693 breton
1719 651 1774 694 du
1797 651 1978 695 dialecto
2009 652 2062 695 de
2083 653 2205 697 Leon

227 741 333 768 avec
362 725 426 767 les
458 725 706 781 acceptions
742 724 934 766 diverses
968 722 1076 765 dans
1106 723 1170 766 les
1202 724 1408 767 dialectos
1441 724 1494 766 de
1528 723 1723 777 Vannes,
1759 724 1811 767 de
1842 723 2050 781 Treguier
2079 733 2122 768 et
2151 726 2203 769 de

225 798 498 843 Cornouaille
542 824 576 828 w
615 812 693 853 par
724 798 777 839 A.
811 795 1026 840 Troade.
1086 796 1233 850 Brest,
1269 797 1399 849 18693
1447 797 1491 838 in
1523 811 1607 852 quo
1639 795 1749 839 libro
1781 802 2013 854 praecepta
2039 798 2205 855 aliquot

223 871 497 929 grammatica
527 870 789 927 Legonideci
823 870 1112 923 emendantur,
1145 869 1401 926 praesertim
1432 869 1484 912 de
1508 884 1706 912 sonorum
1738 869 2039 927 principalium
2069 878 2205 927 muta·

222 945 426 988 tionibus.
457 969 513 975 -—-
543 942 738 997 Quocum
771 942 1031 986 conferenda
1060 950 1139 996 est,
1172 943 1423 999 discrepans
1456 943 1709 999 scriptione:

339 1015 1153 1070 Grammaire-francaise-bretonne,
1186 1022 1419 1059 contenant
1447 1022 1540 1065 tout
1570 1031 1618 1058 ce
1642 1016 1712 1072 qui
1736 1022 1803 1059 est
1821 1016 2066 1059 necessaire
2096 1033 2206 1075 pour

229 1091 468 1149 apprendre
498 1091 541 1132 la
570 1090 727 1145 langue
757 1090 966 1132 bretonne
997 1089 1049 1132 de
1080 1089 1267 1132 l‘idiome
1300 1090 1353 1132 de
1385 1089 1580 1143 Vannes3
1621 1105 1697 1146 par
1739 1089 1773 1131 I.
1807 1087 2103 1143 Guillome,
2143 1091 2205 1133 vi-

225 1166 336 1209 caire
369 1165 422 1206 de
454 1163 569 1205 Sere.
632 1162 823 1216 Vannes,
858 1163 980 1206 3836.

342 1236 553 1280 Omnibus
585 1236 654 1279 his
686 1235 942 1279 adiumentis
976 1235 1306 1292 diligentissime
1335 1236 1416 1289 usi,
1449 1242 1652 1292 quantum
1681 1250 1759 1291 per
1789 1236 1999 1277 humanae
2028 1242 2206 1279 naturae

223 1311 511 1355 infirmitatem
542 1309 719 1361 licebat,
752 1309 796 1351 id
827 1308 1000 1352 consilii
1031 1309 1168 1352 secuti
1200 1316 1370 1361 sumus,
1402 1314 1449 1350 ut
1479 1307 1621 1365 operis
1654 1316 1800 1364 utpote
1830 1323 1918 1350 non
1947 1309 2096 1360 nostri,
2129 1309 2206 1352 sed

224 1385 370 1438 alieni,
402 1385 587 1435 ratione,
629 1383 769 1437 quoad
800 1383 892 1425 eius
923 1383 1016 1424 fieri
1048 1389 1208 1439 posset,
1241 1381 1444 1424 universe
1477 1388 1665 1435 servata,
1708 1382 1878 1424 etiamsi
1908 1381 2048 1424 minus
2079 1382 2205 1426 nobis

224 1460 434 1516 placeret,
476 1456 659 1500 servatis
692 1456 837 1510 etiam,
880 1471 1057 1513 quorum
1088 1457 1183 1498 loco
1214 1470 1328 1497 nova
1365 1470 1442 1512 pro
1476 1454 1604 1497 certis
1635 1469 1875 1511 proponere
1910 1469 1997 1497 non
2029 1455 2206 1498 audere-

221 1549 336 1585 mus,
378 1532 462 1574 nisi
497 1530 608 1587 quod
638 1530 851 1572 interdum
884 1529 1164 1573 dubitationis
1194 1535 1337 1571 notam
1358 1528 1414 1584 [P]
1448 1527 1818 1585 apposuimusjn
1851 1528 2031 1584 singulis
2063 1544 2206 1572 emen-

224 1606 377 1648 dandis
410 1604 721 1655 adhiberemus,
755 1617 864 1659 quae
893 1603 1053 1645 rectius
1095 1602 1316 1646 invenisse
1347 1609 1423 1644 aut
1451 1602 1537 1658 ipsi
1567 1601 1692 1644 nobis
1723 1601 1965 1644 videremur
1995 1609 2069 1644 aut
2097 1617 2206 1659 quae

224 1680 399 1722 aliorum
432 1677 774 1734 quaestionibus,
808 1676 1059 1733 praesertim
1091 1673 1294 1724 Stokesii,
1328 1675 1435 1717 citra
1466 1673 1771 1717 dubitationem
1802 1675 1947 1731 posita
1976 1690 2073 1718 esse
2105 1691 2207 1719 con-

223 1754 471 1804 fidei-amum
504 1751 565 1793 ita
593 1757 756 1799 tamen,
797 1757 843 1791 ut
872 1751 1185 1792 abstineremus
1218 1748 1533 1805 comparatione
1563 1748 1825 1805 linguarum,
1867 1755 2076 1805 quatenus
2113 1750 2207 1806 qui-

225 1828 319 1869 dem
355 1841 438 1867 non
484 1825 697 1866 videretur
741 1824 1009 1874 necessaria,
1057 1823 1369 1866 abstineremus
1407 1821 1601 1878 longiore
1641 1821 1955 1878 disputatione,
2003 1838 2087 1879 qua
2130 1839 2206 1880 pro

225 1899 385 1943 nostris
434 1897 709 1955 opinionibus
749 1912 1117 1954 propugnaremus
1165 1904 1237 1940 aut
1274 1896 1623 1952 impugnaremus
1663 1895 1837 1937 alienas.
1904 1893 2049 1949 Quare
2096 1911 2206 1952 quae

225 1974 348 2017 aliter
380 1971 703 2027 explicavimus,
735 1971 1074 2026 composuimus,
1109 1971 1426 2026 disposuimus,
1455 1978 1502 2011 ut
1530 1968 1583 2011 de
1614 1967 1799 2011 flexione
1830 1968 2099 2024 potissimum
2129 1985 2207 2011 no·-

225 2049 383 2090 minum
415 2060 466 2087 ac
497 2046 733 2096 verborum,
767 2059 820 2086 ea
849 2059 923 2087 cur
955 2045 1018 2087 sic
1050 2045 1368 2095 mutaverimus,
1400 2058 1488 2085 non
1519 2041 1657 2097 magiS
1688 2042 1732 2082 in
1753 2041 1835 2083 hoc
1864 2040 1974 2085 libro
2006 2042 2207 2098 exposui-

225 2135 339 2172 mus,
384 2133 510 2176 quam
542 2117 664 2160 ouius
697 2118 749 2160 de
781 2117 1022 2173 quibusque
1052 2116 1133 2159 viri
1165 2116 1280 2160 docti
1312 2116 1564 2160 sententiam
1599 2114 1733 2157 secuti
1768 2115 1901 2157 simus
1931 2114 2104 2170 (paucis
2133 2130 2205 2158 ex-

226 2194 376 2250 ceptis,
410 2206 520 2249 quae
550 2191 594 2232 in
616 2190 844 2233 Addendis
876 2189 1264 2245 adumbravimus);
1296 2189 1440 2246 potius
1472 2188 1526 2231 de
1545 2188 1631 2231 illis
1661 2187 1745 2230 alio
1776 2188 1872 2231 loco
1903 2194 1978 2230 aut
1997 2187 2204 2231 disserui-

224 2282 318 2310 mus
360 2272 433 2308 aut
464 2265 741 2308 disseremus.
801 2263 1005 2305 Omnium
1036 2269 1176 2306 autem
1206 2263 1389 2319 primum
1418 2261 1463 2304 id
1494 2261 1706 2318 agendum
1736 2260 1929 2304 arbitrati
1959 2275 2130 2314 sumus,
2162 2268 2208 2304 ut

223 2341 342 2384 locos
374 2345 416 2382 et
446 2338 677 2391 vocabula,
711 2352 819 2392 quae
851 2336 974 2393 quasi
1006 2336 1226 2379 materiem
1256 2350 1309 2378 ac
1337 2333 1657 2378 fundamentum
1689 2333 1804 2376 omni
1833 2333 2000 2377 futurae
2030 2333 2208 2390 indaga-

223 2413 329 2457 tioni
361 2412 636 2468 praeberent,
675 2425 800 2465 quam
842 2402 1085 2452 rectissime
1107 2414 1175 2452 'ac
1203 2407 1453 2465 plenissime
1493 2414 1536 2450 et
1573 2421 1908 2464 proponeremus
1954 2422 1977 2449 e
2006 2406 2128 2449 libris
2168 2413 2210 2449 et

226 2488 616 2543 interpretaremur.
678 2482 776 2536 Qua
806 2483 849 2525 in
881 2498 928 2526 re
957 2481 1126 2538 agenda
1158 2490 1203 2524 ut
1223 2495 1430 2537 prospere
1460 2482 1588 2524 nobis
1621 2479 1790 2532 accidit,
1824 2479 1938 2535 quod
1966 2477 2210 2522 hibernico-

226 2576 315 2602 rum
348 2557 507 2615 duplici
547 2558 590 2599 in
622 2556 876 2613 quibusdam
915 2555 1142 2599 collatione
1177 2555 1236 2597 uti
1267 2554 1406 2606 licuit,
1448 2568 1543 2596 cum
1574 2552 1765 2596 codicem
1794 2551 1874 2594 Ld.
1916 2558 1959 2595 et
1995 2567 2048 2595 ex
2091 2559 2211 2608 parte

227 2634 293 2676 Pr.
327 2631 399 2688 Sg.
430 2630 644 2673 Martinus
673 2628 808 2671 Hertz
846 2635 931 2671 tam
969 2633 1167 2671 accurate
1196 2626 1467 2676 contulisset,
1509 2633 1556 2668 ut
1586 2624 1823 2682 compluria
1852 2624 1953 2667 inde
1981 2625 2207 2668 emendare

227 2719 475 2762 possemus,
519 2718 601 2746 nec
630 2702 716 2745 nisi
746 2701 822 2743 illa
850 2702 896 2743 in
925 2701 1065 2758 ipsius
1097 2700 1326 2743 collatione
1356 2699 1611 2755 corrigenda
1640 2698 1955 2751 inveniremus,
1997 2712 2106 2754 quae
2136 2697 2212 2741 ho-

233 2778 389 2821 minem
419 2776 592 2832 linguae
622 2775 815 2831 ignarum
848 2789 933 2816 non
963 2773 1112 2816 fallere
1141 2786 1228 2814 non
1257 2778 1500 2828 potuerunt,
1535 2778 1581 2813 ut
1611 2771 1849 2823 simillimas
1879 2770 1991 2813 inter
2021 2785 2069 2814 se
2098 2770 2210 2814 litte-

238 2867 308 2894 ras
339 2868 367 2893 a
398 2856 441 2892 et
470 2865 519 2902 u,
550 2864 569 2889 s
600 2855 643 2891 et
671 2864 706 2901 r,
749 2863 771 2888 r
802 2854 845 2890 et
873 2863 900 2888 n
940 2846 1163 2898 confusas,
1202 2844 1376 2888 codices
1407 2843 1478 2887 Tr.
1519 2851 1562 2887 et
1598 2843 1674 2887 Ml.
1715 2850 1757 2886 et
1787 2842 2018 2887 Whitleius
2060 2843 2219 2889 stokes*

230 2931 272 2968 et
301 2922 610 2967 Constantinus
639 2920 808 2976 Nigra*,
840 2920 901 2962 ita
930 2919 1235 2975 impedimento
1265 2916 1356 2971 fuit,
1390 2917 1504 2974 quod
1534 2924 1702 2975 praeter
1723 2931 1885 2973 paucos
1906 2916 2024 2959 locos
2047 2916 2210 2960 codicis

231 2996 343 3048 Wb.,
377 2997 420 3038 in
443 3010 563 3052 quos,
598 3009 692 3036 cnm
715 2993 759 3034 in
782 2992 857 3036 illa
887 2993 991 3036 urbe
1023 2999 1120 3035 ante
1141 2990 1224 3033 hoc
1244 2989 1461 3033 biennium
1482 2989 1798 3047 philologorum
1823 2988 2054 3032 conventui
2083 2989 2214 3031 inter-

231 3085 435 3121 essemus,
466 3067 551 3125 ipsi
582 3065 904 3122 inspeximus&
937 3066 1101 3108 nullum
1131 3062 1303 3106 omnino
1336 3063 1486 3106 librum
1520 3063 1853 3120 manuscriptum
1883 3061 2045 3105 nostris
2075 3061 2214 3104 oculis

232 3154 406 3183 cernere
436 3141 664 3195 potuimus,
698 3146 740 3181 et
760 3153 1080 3194 nonnunquam,
1112 3151 1224 3194 quae
1244 3136 1525 3179 adnotaverat
1543 3134 1603 3189 Z.,
1634 3134 1878 3179 difficiliora
1896 3135 2012 3179 lectu
2040 3133 2210 3178 fuerunt

323 3275 339 3293 *
364 3275 392 3310 E
416 3276 473 3311 Ml.
499 3286 587 3321 quae
611 3274 669 3310 ine
694 3274 826 3316 attulit,
851 3275 944 3308 retro
968 3271 1160 3309 numeratis
1185 3270 1376 3314 columnis,
1401 3271 1559 3316 apposito
1583 3282 1610 3305 r.
1637 3270 1766 3311 notavi,
1791 3279 1881 3316 quae
1904 3269 1973 3312 bic,
1997 3270 2214 3316 simplicibus

232 3333 387 3367 numeris
413 3333 625 3378 paginarum.

325 3387 360 3406 “
385 3391 425 3423 ut
442 3400 543 3434 quem
560 3389 666 3433 supi-a
686 3399 720 3433 p.
736 3387 899 3423 XXXVI
923 3387 1164 3432 apposuimus,
1189 3385 1275 3420 alios
1299 3384 1478 3431 quosdam,
1504 3384 1541 3418 in
1567 3383 1696 3429 quibus
1720 3383 1874 3428 legendis
1898 3383 1964 3419 sibi
1990 3392 2059 3418 non
2075 3384 2211 3419 consta-

234 3445 295 3480 bat
318 3445 367 3488 Z.‚
391 3447 432 3480 ut
456 3444 558 3480 be'ssti
581 3445 659 3479 olea
684 3445 746 3478 :31⁶
771 3444 823 3478 vel
846 3443 915 3479 itke'
940 3441 1204 3478 dorraidcht'ut'r
1228 3442 1304 3477 32⁵.
