2336 3736
332 253 423 298 XX
461 252 612 297 (XXVI.
634 251 794 296 xxvn)
1064 261 1320 295 masurio
1347 261 1587 294 AUCTORIS.

330 378 544 421 Domuum
569 372 614 420 ‘a
642 383 761 433 parte
792 374 992 419 australis
1021 368 1270 418 Hiberniae’
1320 381 1481 428 ortum,
1524 379 1625 431 post
1656 387 1785 430 quem
1814 378 1993 417 octavus
2025 368 2298 416 Christianus

331 451 386 493 ad
414 450 593 508 patriam
623 463 853 508 aggressus
892 455 935 492 et
963 448 1064 491 inde
1092 462 1316 506 regressus
1352 448 1591 504 iterumque
1623 459 1821 491 remeans
1865 445 1911 490 in
1940 443 2152 488 Hibernia.
2186 458 2299 487 mor*—

330 529 429 566 tuus
459 527 537 566 est.
2272 560 2275 563 ,

446 594 757 652 Wirziburgum
788 595 842 637 ab
872 593 955 637 hoc
985 594 1138 637 abbate
1167 592 1473 637 Ratisbonensi
1503 589 1749 636 Christiano
1779 590 1824 634 in
1854 589 2160 633 monasterium
2189 588 2297 633 Sco·

327 676 464 712 torum
503 670 557 713 ab
589 668 792 727 episcopo
821 665 1107 711 Embrichone
1142 681 1166 709 e
1196 665 1346 724 primis
1375 663 1667 709 fundamentis
1698 668 1886 707 ereetum
1915 677 1953 706 a.
1988 663 2116 716 1134,
2156 668 2203 706 ut
2231 663 2299 706 in-

329 743 509 799 digenae
538 741 726 785 referunt
754 741 986 784 relationes
1016 739 1201 797 (Gr-opp.
1234 738 1387 797 Script.
1418 753 1498 781 rer.
1535 736 1800 793 Wireeburg.
1837 737 1870 790 l,
1889 734 2009 791 520),
2040 735 2197 779 missus
2228 741 2297 780 est

328 816 489 872 primus
518 814 653 858 abbas
691 809 807 858 ‘cum
837 814 998 870 aliquot
1027 806 1242 856 fratribus‘
1276 811 1512 863 Macarius,
1564 808 1637 866 qui
1668 807 1832 853 auctori
1861 807 1988 852 Vitae
2016 806 2204 852 Mariani
2233 808 2296 851 di-

328 887 437 931 citur
483 882 546 930 ‘in
575 887 671 945 lege
701 885 849 930 divina
876 877 1152 930 doctissimus
1184 892 1310 942 atque
1341 884 1517 927 diutinis
1554 881 1794 926 liberalium
1821 879 1973 927 artium
2009 880 2163 925 studiis
2202 897 2297 939 per

326 966 495 1004 totam
524 958 839 1004 Hiberniam
870 951 1197 1003 celeberrimus'.
1271 956 1378 1001 Post
1408 972 1504 1000 eum
1532 955 1683 999 tertius
1714 954 1847 1001 abbas
1880 953 2106 1000 Scotorum
2135 953 2295 998 wirzi-

331 1033 605 1089 burgensium
635 1031 795 1086 Carus,
840 1031 1031 1076 Com-adi
1067 1030 1183 1089 regis
1219 1031 1491 1088 capellanus,
1528 1026 1700 1082 ¹fundati
1727 1027 2040 1083 Norimbergae
2067 1024 2296 1072 Scotorum

328 1105 575 1150 monasterii
616 1093 751 1163 (quod
779 1105 907 1148 hodie
937 1112 1003 1148 est
1039 1104 1308 1161 gymnasium
1336 1101 1650 1158 Aegidianum‚
1689 1115 1726 1144 a.
1758 1101 1867 1144 1526
1906 1115 1932 1144 a
1960 1098 2294 1144 Melanchthone

333 1177 650 1234 inauguratum)
680 1178 842 1234 primus
870 1178 1007 1220 factus
1037 1178 1190 1231 abbas,
1220 1176 1281 1220 ibi
1308 1175 1568 1227 Declanum,
1599 1163 1795 1218 Com-adi
1820 1180 1862 1217 et
1890 1172 2101 1216 Friderici
2128 1173 2294 1217 Barba-

330 1267 479 1296 rossae
510 1252 796 1309 capellanum,
834 1250 982 1294 habuit
1011 1264 1322 1302 successorem,
1361 1248 1435 1306 qui
1466 1247 1692 1291 ecclesiam
1729 1247 1772 1290 S.
1802 1247 1982 1303 Aegidii
2022 1241 2214 1303 ‘quadris
2251 1252 2296 1291 et

327 1324 574 1368 naturaliter
609 1323 836 1368 rubricatis
865 1323 1081 1380 lapidibus
1111 1315 1375 1375 construxit'‚
1413 1326 1522 1364 teste
1551 1320 1747 1364 Hiberno
1776 1319 2000 1364 monacho.
2073 1319 2294 1377 Gregorio

323 1397 558 1442 Christiani
588 1411 840 1441 successore
870 1396 1172 1440 monasterium
1200 1394 1518 1438 Ratisbonense
1545 1399 1724 1449 regente
1755 1392 2053 1438 vindobonam
2084 1393 2215 1437 etiam
2243 1392 2291 1435 in

324 1470 626 1515 monasterium
656 1469 879 1515 Scotorum
910 1486 936 1513 a
965 1470 1072 1513 duce
1106 1467 1314 1513 Heinrico
1345 1466 1584 1509 institutum
1625 1459 1840 1522 ‘viginti
1871 1472 2097 1523 quatuor
2124 1449 2287 1509 fratres’

321 1544 401 1588 sub
432 1544 587 1587 abbate
617 1542 823 1588 Sanctino
855 1542 1188 1596 descenderunt,
1233 1540 1392 1598 aliique
1419 1539 1536 1582 Secti
1565 1545 1654 1581 tum
1682 1538 1979 1582 Eichstadium
2006 1538 2188 1597 primum
2217 1553 2292 1582 ve-

322 1622 476 1659 nerunt
505 1615 634 1673 (Bon.
664 1615 792 1660 Febr.
814 1617 854 1671 2,
876 1617 972 1659 371.
995 1616 1100 1670 372;
1129 1615 1182 1659 cf.
1212 1613 1356 1658 Pertz.
1390 1614 1454 1667 11,
1488 1612 1605 1668 617).
1666 1611 1885 1655 Hibernos
1914 1611 1993 1656 hos
2024 1626 2174 1656 omncs
2203 1618 2292 1654 tam

317 1689 496 1733 nomina
523 1704 652 1747 quam
680 1690 867 1733 narratio
897 1687 995 1747 ipsa
1025 1688 1339 1740 demonstrant3
1377 1685 1631 1730 recentioris
1659 1685 1824 1728 demum
1856 1684 2008 1729 aetatis
2039 1685 2217 1729 abbates
2247 1690 2290 1728 et

317 1761 491 1815 fratreri,
534 1777 560 1806 a
589 1768 762 1806 vetusta-
786 1762 1050 1806 abstinentia
1089 1769 1130 1806 et
1161 1759 1356 1804 doctrina
1385 1759 1720 1815 degenerantes,
1764 1757 1975 1804 contraria
2003 1763 2217 1802 sectantes
2247 1763 2291 1802 et

322 1835 435 1879 bona
462 1835 828 1890 monasteriorum,
860 1835 967 1880 adeo
989 1835 1180 1888 libros,
1212 1833 1511 1884 distrahentes,
1540 1830 1779 1874 iunioribus
1810 1846 1834 1873 e
1853 1829 1994 1887 patria
2020 1845 2107 1875 non
2137 1831 2289 1874 subse-

324 1909 575 1964 quentibus,
618 1908 808 1952 colonias
840 1923 940 1952 suas
977 1908 1022 1951 in
1052 1906 1286 1952 Germania
1316 1904 1564 1949 continuare
1594 1918 1680 1947 non
1710 1909 1938 1961 potuerunt
1974 1910 2020 1948 et
2046 1903 2286 1949 Germanos

321 1996 594 2025 successores
624 1982 877 2034 habuerunt,
910 1981 1089 2036 primum
1113 1978 1392 2023 vindobonae
1423 1984 1466 2020 et
1484 1976 1792 2034 Norimbergae
1821 1978 1945 2021 annis
1970 1978 2078 2022 1413
2099 1983 2143 2021 et
2163 1977 2294 2030 1418,

320 2054 476 2097 deinde
506 2052 769 2110 Wirziburgi
795 2069 832 2097 a.
859 2055 963 2096 1497
996 2053 1127 2109 (Bon.
1145 2052 1271 2096 Febr.
1293 2051 1333 2105 2,
1355 2051 1450 2093 362.
1484 2049 1641 2093 Oefelii
1671 2049 1829 2106 Script.
1864 2052 1901 2105 1,
1931 2051 2028 2094 342.
2048 2050 2146 2094 344.
2168 2049 2284 2105 350).

320 2126 634 2170 Ratisbonense
662 2127 967 2170 monasterium
986 2127 1260 2183 primitivum,
1290 2123 1476 2167 Mariani
1505 2123 1646 2177 sedes,
1677 2137 1716 2166 a.
1741 2123 1849 2166 1552
1880 2123 1992 2168 bello
2022 2123 2286 2168 destructum

323 2200 487 2243 interiit
515 2199 690 2252 (Rader.
721 2199 828 2243 Bait.
860 2206 1009 2242 saneta
1038 2201 1076 2252 2,
1099 2199 1216 2255 222).

436 2273 778 2330 Distinguendue
819 2279 886 2314 est
922 2273 975 2315 ab
1006 2273 1158 2316 abbate
1187 2269 1493 2315 Ratisbonensi
1523 2268 1719 2313 Mariano
1754 2264 1882 2313 Scoto
1919 2276 2058 2314 aetate
2093 2270 2287 2328 aequalis

325 2348 433 2390 alter
461 2346 684 2389 Marianus
714 2344 890 2399 scotus,
920 2344 1156 2388 monachus
1186 2343 1366 2402 primum
1396 2341 1623 2395 Coloniae,
1665 2343 1871 2398 deinceps
1901 2342 2094 2386 inclusus
2124 2342 2160 2387 F
2163 2344 2288 2387 uldae

323 2427 366 2462 et
396 2419 645 2477 Magontiae
677 2418 790 2475 apud
820 2418 1121 2461 monasterium
1152 2416 1200 2462 S.
1232 2415 1429 2468 Martini,
1468 2416 1541 2458 ubi
1571 2417 1687 2458 circa
1715 2430 1753 2458 a.
1790 2416 1896 2459 1083
1925 2415 2034 2459 obiit
2062 2414 2224 2471 (Perta.
2247 2417 2286 2469 7,

319 2493 445 2548 484),
491 2491 679 2548 perfecto
711 2505 839 2547 opere
869 2490 1170 2549 chronologico
1201 2497 1244 2533 et
1272 2487 1498 2541 historico,
1538 2488 1660 2531 cuius
1691 2488 1828 2531 codex
1858 2488 2051 2542 aequalis
2082 2503 2136 2532 ex
2163 2494 2287 2545 parte

318 2564 500 2608 fortasse
531 2565 586 2607 ab
616 2565 713 2621 ipso
743 2564 941 2619 scriptus»,
972 2563 1150 2620 primum
1183 2561 1469 2607 bibliothecae
1499 2561 1690 2605 eiusdem
1719 2561 1982 2614 monasterii,
2013 2560 2168 2604 deinde
2199 2560 2284 2604 Pa-

320 2639 504 2690 latinae,
534 2651 649 2679 nunc
679 2636 935 2688 vaticanae,
974 2643 1186 2679 vetustum
1216 2634 1473 2691 poematium
1511 2632 1564 2677 de
1592 2633 1901 2677 Benedictione
1930 2632 2167 2677 Hiberniae
2197 2649 2287 2677 ser-

324 2717 397 2753 vat
416 2711 476 2768 (p.
502 2710 606 2764 961)
636 2716 763 2763 atque
793 2707 875 2752 loci
907 2707 1053 2765 hymni
1083 2706 1292 2751 hibernici
1321 2706 1366 2749 in
1396 2706 1440 2750 S.
1462 2704 1695 2749 Patricium
1722 2706 1982 2749 mentionem
2002 2705 2141 2750 facit*
2182 2704 2286 2750 Fuit

408 2893 424 2910 *
449 2888 514 2925 Sed
540 2888 609 2924 iam
634 2888 725 2922 mala
748 2888 982 2923 intellectione
1006 2888 1195 2922 inusitatae
1218 2888 1344 2922 formae
1369 2885 1496 2928 (Pertz.
1514 2888 1547 2928 7,
1564 2888 1661 2928 529):
1686 2884 1801 2923 Sueat
1822 2896 1939 2923 nomen
1966 2883 2118 2923 patricii
2135 2886 2176 2922 in
2199 2885 2282 2933 bap-

315 2948 459 2982 tismate.
500 2943 686 2988 Gothraeqe
709 2943 854 2977 diamboe
878 2944 1050 2989 iesoyuam
1073 2942 1237 2978 doeethar
1259 2942 1341 2978 trel).
1379 2941 1427 2986 (C.
1453 2953 1531 2977 cum
1556 2941 1624 2977 fuit
1647 2941 1800 2977 serviens
1821 2944 1989 2990 quattuor
2012 2941 2109 2985 vicis>
2130 2952 2150 2978 e
2165 2942 2248 2977 dist.
2262 2945 2283 2978 3

313 3003 451 3049 hymni:
475 3001 579 3035 bacar
603 3000 647 3034 ile
670 2999 844 3045 cothrae‘qe
867 3001 915 3045 (p.
933 3002 1012 3041 960,
1036 3003 1107 3035 not.
1125 3000 1205 3042 “⁸),
1229 2999 1301 3034 acsi
1323 2999 1447 3034 flasset
1475 2995 1657 3044 cothraiye
1678 2999 1856 3045 proprium
1881 3008 2008 3034 nomen
2024 2998 2166 3035 Patn‘cii
2180 3000 2281 3035 servi.

314 3060 415 3094 Hune
440 3058 607 3098 codicem,
633 3056 693 3102 qui
716 3056 803 3090 <luas
826 3056 978 3092 diversas
1002 3066 1126 3091 manus
1150 3055 1301 3090 ostendit
1323 3056 1445 3095 (Pertz.
1473 3058 1503 3095 7,
1528 3059 1607 3091 481.
1634 3057 1734 3097 482),
1763 3065 1807 3091 cx
1829 3058 1928 3101 parte
1952 3065 1973 3090 a
1995 3055 2116 3099 scoto,
2147 3057 2208 3102 qni
2238 3065 2282 3091 ex

314 3116 460 3152 Albania
483 3114 661 3156 (hodierna
684 3112 812 3153 Scotia)
836 3112 1023 3148 advenerat
1045 3112 1254 3158 Magontiam
1277 3112 1316 3147 in
1341 3112 1586 3147 monasterium
1610 3111 1644 3148 S.
1668 3110 1822 3153 Martini,
1845 3111 2015 3156 scriptum
2038 3121 2126 3154 esse,
2156 3112 2281 3148 docent

312 3171 401 3206 duae
434 3171 674 3206 adnotationes
706 3169 876 3210 eiusdem,
908 3169 1037 3215 quibus
1060 3169 1252 3203 Marianum
1276 3170 1380 3204 certis
1404 3170 1526 3204 diebus
1549 3168 1585 3202 in
1610 3167 1813 3204 inclusionis
1837 3168 2038 3204 austeritate
2061 3169 2278 3205 exhilaravit.

312 3228 392 3264 'Une
413 3229 450 3262 in
476 3231 551 3262 33⁶:
577 3225 697 3262 lSo'im
720 3223 792 3261 ‹ii-n
816 3225 909 3260 indic
935 3236 959 3259 a
982 3222 1168 3269 maelbriyte
1190 3223 1360 3261 clhsenacr
1386 3225 1421 3260 in
1442 3225 1620 3270 magontia
1643 3223 1688 3259 isi
1710 3223 1867 3260 dardden
1888 3223 1998 3270 rt'afe'l
2010 3224 2132 3271 petair
2155 3225 2200 3260 ὑπ’
2215 3231 2281 3262 eec-

312 3283 393 3319 ble'a.
426 3283 614 3329 dendeya'id
644 3284 676 3319 ,ιζ
710 3282 754 3317 isi
785 3282 867 3317 blz‘a.
900 3280 1114 3317 irrornarbac
1144 3280 1312 3316 diarmait
1340 3281 1375 3317 ri
1398 3282 1505 3328 laqen.
1553 3284 1573 3317 7
1600 3279 1644 3316 isi
1664 3281 1738 3318 eide
1760 3281 1941 3317 cetmblia.
1967 3286 2113 3316 tanacsa
2138 3281 2280 3317 aalhain

312 3343 380 3382 (est
403 3341 493 3376 laet-a
516 3341 614 3375 nobis
639 3341 722 3375 haec
747 3340 828 3381 dies,
855 3349 874 3372 o
897 3338 1098 3383 Maelbrigtc
1123 3339 1265 3379 incluse,
1290 3338 1503 3383 Magontiae3
1529 3339 1583 3372 est
1608 3338 1691 3374 haec
1715 3337 1790 3374 dies
1815 3338 1907 3375 Iovis
1930 3342 2014 3374 ante
2029 3337 2154 3373 festum
2172 3338 2279 3381 Petri,

310 3403 364 3433 est
386 3397 443 3433 hic
468 3398 602 3442 primus
625 3406 738 3432 annus
760 3400 851 3442 post,
875 3396 899 3431 1,
922 3406 952 3431 e.
976 3398 1030 3430 est
1052 3395 1110 3429 hic
1135 3405 1245 3429 annus
1268 3405 1336 3440 quo
1360 3394 1493 3430 occisus
1519 3395 1574 3429 est
1595 3393 1799 3431 Diarmitius
1822 3407 1882 3430 rex
1905 3395 2141 3441 Lageniorum,
2167 3397 2202 3430 et
2225 3397 2279 3430 est

311 3454 368 3488 hle
392 3454 479 3488 idem
506 3453 639 3498 primus
663 3463 774 3487 annus
798 3454 979 3497 postquam
1007 3452 1085 3485 veni
1108 3461 1151 3485 ex
1174 3450 1340 3493 Albania3
1367 3451 1481 3497 pergit
1501 3451 1651 3494 latinez)
1674 3450 1712 3486 in
1728 3451 1976 3498 pereyrim'tate
1996 3460 2081 3487 mea.
2105 3455 2138 3487 et
2151 3450 2282 3497 scripsi
