<?xml version="1.0" encoding="UTF-8"?>
<!DOCTYPE html PUBLIC "-//W3C//DTD XHTML 1.0 Transitional//EN"
    "http://www.w3.org/TR/xhtml1/DTD/xhtml1-transitional.dtd">
<html xmlns="http://www.w3.org/1999/xhtml" xml:lang="en" lang="en">
 <head>
  <title>
</title>
<meta http-equiv="Content-Type" content="text/html;charset=utf-8" />
  <meta name='ocr-system' content='tesseract 3.04.00' />
  <meta name='ocr-capabilities' content='ocr_page ocr_carea ocr_par ocr_line ocrx_word'/>
</head>
<body>
  <div class='ocr_page' id='page_1' title='image "./grammaticaceltic00zeusuoft_0041.png"; bbox 0 0 2336 3736; ppageno 0'>
   <div class='ocr_carea' id='block_1_1' title="bbox 832 239 2091 284">
    <p class='ocr_par' dir='ltr' id='par_1_1' title="bbox 832 239 2091 284">
     <span class='ocr_line' id='line_1_1' title="bbox 832 239 2091 284; baseline 0.006 -7"><span class='ocrx_word' id='word_1_1' title='bbox 832 246 1106 278; x_wconf 72' lang='lat' dir='ltr'>PROOEMIUM</span> <span class='ocrx_word' id='word_1_2' title='bbox 1134 247 1364 278; x_wconf 73' lang='lat' dir='ltr'>nm&#39;roms.</span> <span class='ocrx_word' id='word_1_3' title='bbox 1911 239 2091 284; x_wconf 89' lang='lat' dir='ltr'>XXXV</span> 
     </span>
    </p>
   </div>
   <div class='ocr_carea' id='block_1_2' title="bbox 124 355 2113 3487">
    <p class='ocr_par' dir='ltr' id='par_1_2' title="bbox 126 355 2097 1001">
     <span class='ocr_line' id='line_1_2' title="bbox 129 355 2094 419; baseline 0.004 -22"><span class='ocrx_word' id='word_1_4' title='bbox 129 361 297 398; x_wconf 85' lang='lat' dir='ltr'>constat</span> <span class='ocrx_word' id='word_1_5' title='bbox 326 356 503 398; x_wconf 84' lang='lat' dir='ltr'>editioni</span> <span class='ocrx_word' id='word_1_6' title='bbox 533 356 643 409; x_wconf 81' lang='lat' dir='ltr'>libri,</span> <span class='ocrx_word' id='word_1_7' title='bbox 674 357 719 400; x_wconf 89' lang='lat' dir='ltr'>in</span> <span class='ocrx_word' id='word_1_8' title='bbox 741 372 818 400; x_wconf 86' lang='lat' dir='ltr'>suo</span> <span class='ocrx_word' id='word_1_9' title='bbox 848 358 943 415; x_wconf 90' lang='lat' dir='ltr'>ipse</span> <span class='ocrx_word' id='word_1_10' title='bbox 966 359 1195 414; x_wconf 87' lang='lat' dir='ltr'>exemplari</span> <span class='ocrx_word' id='word_1_11' title='bbox 1229 355 1459 411; x_wconf 75' lang='lat' dir='ltr'>adnbtavit,</span> <span class='ocrx_word' id='word_1_12' title='bbox 1492 361 1603 416; x_wconf 89' lang='lat' dir='ltr'>quod</span> <span class='ocrx_word' id='word_1_13' title='bbox 1629 367 1675 403; x_wconf 91' lang='lat' dir='ltr'>ut</span> <span class='ocrx_word' id='word_1_14' title='bbox 1696 361 1937 404; x_wconf 85' lang='lat' dir='ltr'>examinare</span> <span class='ocrx_word' id='word_1_15' title='bbox 1967 369 2094 419; x_wconf 84' lang='lat' dir='ltr'>atque</span> 
     </span>
     <span class='ocr_line' id='line_1_3' title="bbox 128 429 2095 493; baseline 0.004 -23"><span class='ocrx_word' id='word_1_16' title='bbox 128 434 327 471; x_wconf 79' lang='lat' dir='ltr'><strong>excutere</strong></span> <span class='ocrx_word' id='word_1_17' title='bbox 356 429 482 472; x_wconf 87' lang='lat' dir='ltr'>nobis</span> <span class='ocrx_word' id='word_1_18' title='bbox 512 429 682 483; x_wconf 82' lang='lat' dir='ltr'>liceret,</span> <span class='ocrx_word' id='word_1_19' title='bbox 723 430 1026 473; x_wconf 78' lang='lat' dir='ltr'><strong>humanissime</strong></span> <span class='ocrx_word' id='word_1_20' title='bbox 1054 432 1310 487; x_wconf 74' lang='lat' dir='ltr'>redemptori</span> <span class='ocrx_word' id='word_1_21' title='bbox 1347 433 1514 488; x_wconf 75' lang='lat' dir='ltr'>roganti</span> <span class='ocrx_word' id='word_1_22' title='bbox 1545 435 1763 477; x_wconf 86' lang='lat' dir='ltr'>concessit·</span> <span class='ocrx_word' id='word_1_23' title='bbox 1801 435 2095 493; x_wconf 37' lang='lat' dir='ltr'>viix-doctissi-</span> 
     </span>
     <span class='ocr_line' id='line_1_4' title="bbox 129 501 2095 563; baseline 0.004 -21"><span class='ocrx_word' id='word_1_24' title='bbox 129 515 222 544; x_wconf 83' lang='lat' dir='ltr'>mus</span> <span class='ocrx_word' id='word_1_25' title='bbox 259 501 485 545; x_wconf 83' lang='lat' dir='ltr'>Carolus</span> <span class='ocrx_word' id='word_1_26' title='bbox 523 501 688 544; x_wconf 83' lang='lat' dir='ltr'><strong>Halm.</strong></span> <span class='ocrx_word' id='word_1_27' title='bbox 759 502 1052 559; x_wconf 80' lang='lat' dir='ltr'>Quaecunque</span> <span class='ocrx_word' id='word_1_28' title='bbox 1090 504 1221 559; x_wconf 86' lang='lat' dir='ltr'>igitur</span> <span class='ocrx_word' id='word_1_29' title='bbox 1261 505 1330 547; x_wconf 89' lang='lat' dir='ltr'>vel</span> <span class='ocrx_word' id='word_1_30' title='bbox 1369 506 1635 561; x_wconf 79' lang='lat' dir='ltr'>marginibus</span> <span class='ocrx_word' id='word_1_31' title='bbox 1680 507 1794 549; x_wconf 88' lang='lat' dir='ltr'>illius</span> <span class='ocrx_word' id='word_1_32' title='bbox 1841 509 2095 563; x_wconf 74' lang='lat' dir='ltr'>exemplaris</span> 
     </span>
     <span class='ocr_line' id='line_1_5' title="bbox 126 573 2097 636; baseline 0.004 -20"><span class='ocrx_word' id='word_1_33' title='bbox 126 575 198 617; x_wconf 74' lang='lat' dir='ltr'>vel</span> <span class='ocrx_word' id='word_1_34' title='bbox 224 574 339 625; x_wconf 83' lang='lat' dir='ltr'>foliis</span> <span class='ocrx_word' id='word_1_35' title='bbox 368 575 542 617; x_wconf 87' lang='lat' dir='ltr'>insertis</span> <span class='ocrx_word' id='word_1_36' title='bbox 573 576 667 631; x_wconf 88' lang='lat' dir='ltr'>ipse</span> <span class='ocrx_word' id='word_1_37' title='bbox 699 574 768 617; x_wconf 84' lang='lat' dir='ltr'>Io.</span> <span class='ocrx_word' id='word_1_38' title='bbox 801 573 960 632; x_wconf 87' lang='lat' dir='ltr'>Casp.</span> <span class='ocrx_word' id='word_1_39' title='bbox 991 577 1158 619; x_wconf 86' lang='lat' dir='ltr'>Zeuss</span> <span class='ocrx_word' id='word_1_40' title='bbox 1189 578 1419 629; x_wconf 84' lang='lat' dir='ltr'>mandavit,</span> <span class='ocrx_word' id='word_1_41' title='bbox 1453 580 1619 622; x_wconf 85' lang='lat' dir='ltr'>tametsi</span> <span class='ocrx_word' id='word_1_42' title='bbox 1650 580 1797 636; x_wconf 87' lang='lat' dir='ltr'>impari</span> <span class='ocrx_word' id='word_1_43' title='bbox 1833 581 1944 623; x_wconf 78' lang='lat' dir='ltr'>sicu&#39;t</span> <span class='ocrx_word' id='word_1_44' title='bbox 1973 588 2097 623; x_wconf 83' lang='lat' dir='ltr'>antea</span> 
     </span>
     <span class='ocr_line' id='line_1_6' title="bbox 130 647 2097 709; baseline 0.004 -20"><span class='ocrx_word' id='word_1_45' title='bbox 130 647 284 700; x_wconf 86' lang='lat' dir='ltr'>studio,</span> <span class='ocrx_word' id='word_1_46' title='bbox 318 664 401 704; x_wconf 91' lang='lat' dir='ltr'>quo</span> <span class='ocrx_word' id='word_1_47' title='bbox 433 662 642 704; x_wconf 87' lang='lat' dir='ltr'>quamque</span> <span class='ocrx_word' id='word_1_48' title='bbox 673 648 863 704; x_wconf 85' lang='lat' dir='ltr'>linguam</span> <span class='ocrx_word' id='word_1_49' title='bbox 892 650 961 691; x_wconf 89' lang='lat' dir='ltr'>vel</span> <span class='ocrx_word' id='word_1_50' title='bbox 992 650 1220 692; x_wconf 77' lang='lat' dir='ltr'>dialectum</span> <span class='ocrx_word' id='word_1_51' title='bbox 1252 651 1470 707; x_wconf 86' lang='lat' dir='ltr'>amplexus</span> <span class='ocrx_word' id='word_1_52' title='bbox 1502 659 1609 706; x_wconf 85' lang='lat' dir='ltr'>erat,</span> <span class='ocrx_word' id='word_1_53' title='bbox 1642 653 1823 709; x_wconf 87' lang='lat' dir='ltr'>plurima</span> <span class='ocrx_word' id='word_1_54' title='bbox 1852 655 2097 696; x_wconf 73' lang='lat' dir='ltr'>observavit</span> 
     </span>
     <span class='ocr_line' id='line_1_7' title="bbox 128 720 2097 779; baseline 0.005 -17"><span class='ocrx_word' id='word_1_55' title='bbox 128 720 180 762; x_wconf 87' lang='lat' dir='ltr'>de</span> <span class='ocrx_word' id='word_1_56' title='bbox 209 721 355 777; x_wconf 83' lang='lat' dir='ltr'>lingua</span> <span class='ocrx_word' id='word_1_57' title='bbox 384 721 613 771; x_wconf 82' lang='lat' dir='ltr'>hibernica,</span> <span class='ocrx_word' id='word_1_58' title='bbox 647 720 700 762; x_wconf 88' lang='lat' dir='ltr'>de</span> <span class='ocrx_word' id='word_1_59' title='bbox 731 722 944 763; x_wconf 85' lang='lat' dir='ltr'>cambrica</span> <span class='ocrx_word' id='word_1_60' title='bbox 973 721 1155 764; x_wconf 86' lang='lat' dir='ltr'>dialecto</span> <span class='ocrx_word' id='word_1_61' title='bbox 1186 724 1316 765; x_wconf 88' lang='lat' dir='ltr'>multo</span> <span class='ocrx_word' id='word_1_62' title='bbox 1347 725 1559 779; x_wconf 78' lang='lat' dir='ltr'>pauciora,</span> <span class='ocrx_word' id='word_1_63' title='bbox 1593 726 1709 768; x_wconf 89' lang='lat' dir='ltr'>nulla</span> <span class='ocrx_word' id='word_1_64' title='bbox 1742 727 1792 769; x_wconf 87' lang='lat' dir='ltr'>de</span> <span class='ocrx_word' id='word_1_65' title='bbox 1825 729 1996 770; x_wconf 85' lang='lat' dir='ltr'>cornica</span> <span class='ocrx_word' id='word_1_66' title='bbox 2025 736 2097 771; x_wconf 88' lang='lat' dir='ltr'>aut</span> 
     </span>
     <span class='ocr_line' id='line_1_8' title="bbox 128 794 2095 854; baseline 0.004 -19"><span class='ocrx_word' id='word_1_67' title='bbox 128 794 372 847; x_wconf 77' lang='lat' dir='ltr'>aremorica,</span> <span class='ocrx_word' id='word_1_68' title='bbox 405 810 547 836; x_wconf 87' lang='lat' dir='ltr'>eornm</span> <span class='ocrx_word' id='word_1_69' title='bbox 579 795 764 835; x_wconf 85' lang='lat' dir='ltr'>omnium</span> <span class='ocrx_word' id='word_1_70' title='bbox 794 809 953 849; x_wconf 84' lang='lat' dir='ltr'>genera</span> <span class='ocrx_word' id='word_1_71' title='bbox 983 802 1083 837; x_wconf 84' lang='lat' dir='ltr'>sunt</span> <span class='ocrx_word' id='word_1_72' title='bbox 1113 796 1208 838; x_wconf 91' lang='lat' dir='ltr'>duo.</span> <span class='ocrx_word' id='word_1_73' title='bbox 1256 796 1364 838; x_wconf 87' lang='lat' dir='ltr'>Nam</span> <span class='ocrx_word' id='word_1_74' title='bbox 1396 804 1467 839; x_wconf 88' lang='lat' dir='ltr'>aut</span> <span class='ocrx_word' id='word_1_75' title='bbox 1488 799 1684 854; x_wconf 88' lang='lat' dir='ltr'>exempla</span> <span class='ocrx_word' id='word_1_76' title='bbox 1714 815 1737 841; x_wconf 91' lang='lat' dir='ltr'>e</span> <span class='ocrx_word' id='word_1_77' title='bbox 1759 800 1979 843; x_wconf 80' lang='lat' dir='ltr'>codicibus</span> <span class='ocrx_word' id='word_1_78' title='bbox 2009 817 2095 843; x_wconf 86' lang='lat' dir='ltr'>ma-</span> 
     </span>
     <span class='ocr_line' id='line_1_9' title="bbox 126 867 2095 930; baseline 0.004 -22"><span class='ocrx_word' id='word_1_79' title='bbox 126 867 358 923; x_wconf 87' lang='lat' dir='ltr'>nuscriptis</span> <span class='ocrx_word' id='word_1_80' title='bbox 388 867 529 908; x_wconf 85' lang='lat' dir='ltr'>attulit</span> <span class='ocrx_word' id='word_1_81' title='bbox 557 881 688 916; x_wconf 78' lang='lat' dir='ltr'>nova,</span> <span class='ocrx_word' id='word_1_82' title='bbox 728 867 893 922; x_wconf 87' lang='lat' dir='ltr'>pridem</span> <span class='ocrx_word' id='word_1_83' title='bbox 923 867 1052 910; x_wconf 87' lang='lat' dir='ltr'>allata</span> <span class='ocrx_word' id='word_1_84' title='bbox 1088 868 1247 911; x_wconf 87' lang='lat' dir='ltr'>rectius</span> <span class='ocrx_word' id='word_1_85' title='bbox 1285 870 1354 924; x_wconf 87' lang='lat' dir='ltr'>vel</span> <span class='ocrx_word' id='word_1_86' title='bbox 1396 870 1566 925; x_wconf 85' lang='lat' dir='ltr'>plenius</span> <span class='ocrx_word' id='word_1_87' title='bbox 1595 874 1838 928; x_wconf 82' lang='lat' dir='ltr'>proposuit,</span> <span class='ocrx_word' id='word_1_88' title='bbox 1879 881 1952 915; x_wconf 85' lang='lat' dir='ltr'>aut</span> <span class='ocrx_word' id='word_1_89' title='bbox 1988 889 2095 930; x_wconf 89' lang='lat' dir='ltr'>quae</span> 
     </span>
     <span class='ocr_line' id='line_1_10' title="bbox 128 940 1924 1001; baseline 0.004 -21"><span class='ocrx_word' id='word_1_90' title='bbox 128 947 405 996; x_wconf 80' lang='lat' dir='ltr'>praeceperat</span> <span class='ocrx_word' id='word_1_91' title='bbox 433 940 528 996; x_wconf 89' lang='lat' dir='ltr'>ipse</span> <span class='ocrx_word' id='word_1_92' title='bbox 559 941 611 981; x_wconf 89' lang='lat' dir='ltr'>de</span> <span class='ocrx_word' id='word_1_93' title='bbox 639 940 809 996; x_wconf 82' lang='lat' dir='ltr'>legibus</span> <span class='ocrx_word' id='word_1_94' title='bbox 839 941 1076 996; x_wconf 84' lang='lat' dir='ltr'>linguarum</span> <span class='ocrx_word' id='word_1_95' title='bbox 1108 947 1151 984; x_wconf 91' lang='lat' dir='ltr'>et</span> <span class='ocrx_word' id='word_1_96' title='bbox 1180 942 1390 997; x_wconf 83' lang='lat' dir='ltr'>analogia,</span> <span class='ocrx_word' id='word_1_97' title='bbox 1423 945 1608 986; x_wconf 74' lang='lat' dir='ltr'>correxit</span> <span class='ocrx_word' id='word_1_98' title='bbox 1636 950 1762 1001; x_wconf 85' lang='lat' dir='ltr'>atque</span> <span class='ocrx_word' id='word_1_99' title='bbox 1795 946 1924 988; x_wconf 86' lang='lat' dir='ltr'>auxit.</span> 
     </span>
    </p>

    <p class='ocr_par' dir='ltr' id='par_1_3' title="bbox 124 1012 2113 3487">
     <span class='ocr_line' id='line_1_11' title="bbox 239 1012 2096 1075; baseline 0.004 -20"><span class='ocrx_word' id='word_1_100' title='bbox 239 1014 308 1055; x_wconf 91' lang='lat' dir='ltr'>Ac</span> <span class='ocrx_word' id='word_1_101' title='bbox 339 1013 391 1054; x_wconf 93' lang='lat' dir='ltr'>de</span> <span class='ocrx_word' id='word_1_102' title='bbox 422 1013 508 1055; x_wconf 84' lang='lat' dir='ltr'>illis</span> <span class='ocrx_word' id='word_1_103' title='bbox 539 1012 722 1068; x_wconf 86' lang='lat' dir='ltr'>quidem,</span> <span class='ocrx_word' id='word_1_104' title='bbox 756 1013 953 1069; x_wconf 88' lang='lat' dir='ltr'>quoniam</span> <span class='ocrx_word' id='word_1_105' title='bbox 986 1014 1179 1067; x_wconf 77' lang='lat' dir='ltr'>lectores,</span> <span class='ocrx_word' id='word_1_106' title='bbox 1211 1030 1320 1070; x_wconf 86' lang='lat' dir='ltr'>quae</span> <span class='ocrx_word' id='word_1_107' title='bbox 1352 1031 1404 1057; x_wconf 81' lang='lat' dir='ltr'>ex</span> <span class='ocrx_word' id='word_1_108' title='bbox 1434 1016 1570 1071; x_wconf 87' lang='lat' dir='ltr'>ipsius</span> <span class='ocrx_word' id='word_1_109' title='bbox 1603 1018 1847 1074; x_wconf 80' lang='lat' dir='ltr'>exemplari,</span> <span class='ocrx_word' id='word_1_110' title='bbox 1881 1035 1990 1075; x_wconf 89' lang='lat' dir='ltr'>quae</span> <span class='ocrx_word' id='word_1_111' title='bbox 2021 1021 2096 1062; x_wconf 87' lang='lat' dir='ltr'>ali-</span> 
     </span>
     <span class='ocr_line' id='line_1_12' title="bbox 129 1085 2097 1146; baseline 0.005 -21"><span class='ocrx_word' id='word_1_112' title='bbox 129 1085 242 1128; x_wconf 88' lang='lat' dir='ltr'>unde</span> <span class='ocrx_word' id='word_1_113' title='bbox 274 1086 645 1142; x_wconf 74' lang='lat' dir='ltr'>assumpserimus,</span> <span class='ocrx_word' id='word_1_114' title='bbox 678 1085 796 1127; x_wconf 84' lang='lat' dir='ltr'>dubii</span> <span class='ocrx_word' id='word_1_115' title='bbox 827 1100 924 1128; x_wconf 88' lang='lat' dir='ltr'>esse</span> <span class='ocrx_word' id='word_1_116' title='bbox 955 1087 1028 1129; x_wconf 82' lang='lat' dir='ltr'>vix</span> <span class='ocrx_word' id='word_1_117' title='bbox 1059 1093 1271 1142; x_wconf 89' lang='lat' dir='ltr'>poterunt,</span> <span class='ocrx_word' id='word_1_118' title='bbox 1304 1088 1442 1133; x_wconf 81' lang='lat' dir='ltr'>fusius</span> <span class='ocrx_word' id='word_1_119' title='bbox 1472 1089 1690 1146; x_wconf 87' lang='lat' dir='ltr'>disput-are</span> <span class='ocrx_word' id='word_1_120' title='bbox 1711 1091 1958 1145; x_wconf 85' lang='lat' dir='ltr'>omittimus3</span> <span class='ocrx_word' id='word_1_121' title='bbox 1992 1094 2097 1136; x_wconf 86' lang='lat' dir='ltr'>satis</span> 
     </span>
     <span class='ocr_line' id='line_1_13' title="bbox 130 1157 2098 1217; baseline 0.004 -17"><span class='ocrx_word' id='word_1_122' title='bbox 130 1157 380 1200; x_wconf 86' lang='lat' dir='ltr'>habebimus</span> <span class='ocrx_word' id='word_1_123' title='bbox 412 1159 578 1200; x_wconf 87' lang='lat' dir='ltr'>duobus</span> <span class='ocrx_word' id='word_1_124' title='bbox 607 1159 678 1200; x_wconf 89' lang='lat' dir='ltr'>vel</span> <span class='ocrx_word' id='word_1_125' title='bbox 706 1158 841 1200; x_wconf 87' lang='lat' dir='ltr'>tribus</span> <span class='ocrx_word' id='word_1_126' title='bbox 873 1160 1080 1215; x_wconf 82' lang='lat' dir='ltr'>exemplis</span> <span class='ocrx_word' id='word_1_127' title='bbox 1112 1161 1444 1213; x_wconf 71' lang='lat' dir='ltr'>demonstrasse,</span> <span class='ocrx_word' id='word_1_128' title='bbox 1477 1163 1579 1217; x_wconf 89' lang='lat' dir='ltr'>quid</span> <span class='ocrx_word' id='word_1_129' title='bbox 1600 1163 1829 1206; x_wconf 88' lang='lat' dir='ltr'>adiumenti</span> <span class='ocrx_word' id='word_1_130' title='bbox 1861 1166 2007 1207; x_wconf 83' lang='lat' dir='ltr'>eadem</span> <span class='ocrx_word' id='word_1_131' title='bbox 2036 1173 2098 1208; x_wconf 82' lang='lat' dir='ltr'>at-</span> 
     </span>
     <span class='ocr_line' id='line_1_14' title="bbox 127 1230 2096 1292; baseline 0.005 -20"><span class='ocrx_word' id='word_1_132' title='bbox 127 1230 302 1273; x_wconf 87' lang='lat' dir='ltr'>tulerint</span> <span class='ocrx_word' id='word_1_133' title='bbox 331 1231 386 1273; x_wconf 88' lang='lat' dir='ltr'>ad</span> <span class='ocrx_word' id='word_1_134' title='bbox 416 1232 653 1273; x_wconf 83' lang='lat' dir='ltr'>doctrinam</span> <span class='ocrx_word' id='word_1_135' title='bbox 684 1233 1005 1288; x_wconf 81' lang='lat' dir='ltr'>grammaticam</span> <span class='ocrx_word' id='word_1_136' title='bbox 1036 1240 1080 1274; x_wconf 89' lang='lat' dir='ltr'>et</span> <span class='ocrx_word' id='word_1_137' title='bbox 1107 1233 1300 1276; x_wconf 82' lang='lat' dir='ltr'>notitiam</span> <span class='ocrx_word' id='word_1_138' title='bbox 1334 1234 1525 1290; x_wconf 81' lang='lat' dir='ltr'>linguae,</span> <span class='ocrx_word' id='word_1_139' title='bbox 1558 1236 1808 1292; x_wconf 88' lang='lat' dir='ltr'>praesertim</span> <span class='ocrx_word' id='word_1_140' title='bbox 1839 1236 2096 1282; x_wconf 79' lang='lat' dir='ltr'>hibernicae.</span> 
     </span>
     <span class='ocr_line' id='line_1_15' title="bbox 126 1302 2096 1362; baseline 0.004 -16"><span class='ocrx_word' id='word_1_141' title='bbox 126 1302 188 1346; x_wconf 87' lang='lat' dir='ltr'>Ut</span> <span class='ocrx_word' id='word_1_142' title='bbox 218 1319 241 1346; x_wconf 91' lang='lat' dir='ltr'>e</span> <span class='ocrx_word' id='word_1_143' title='bbox 273 1305 498 1357; x_wconf 83' lang='lat' dir='ltr'>sententia,</span> <span class='ocrx_word' id='word_1_144' title='bbox 531 1320 660 1360; x_wconf 86' lang='lat' dir='ltr'>quam</span> <span class='ocrx_word' id='word_1_145' title='bbox 691 1305 893 1361; x_wconf 87' lang='lat' dir='ltr'>apposuit</span> <span class='ocrx_word' id='word_1_146' title='bbox 922 1306 975 1347; x_wconf 86' lang='lat' dir='ltr'>ad</span> <span class='ocrx_word' id='word_1_147' title='bbox 997 1321 1037 1360; x_wconf 89' lang='lat' dir='ltr'>p.</span> <span class='ocrx_word' id='word_1_148' title='bbox 1059 1307 1145 1348; x_wconf 81' lang='lat'>433</span> <span class='ocrx_word' id='word_1_149' title='bbox 1176 1307 1261 1361; x_wconf 87' lang='lat' dir='ltr'>(ed.</span> <span class='ocrx_word' id='word_1_150' title='bbox 1280 1306 1356 1362; x_wconf 90' lang='lat' dir='ltr'>I.):</span> <span class='ocrx_word' id='word_1_151' title='bbox 1389 1308 1577 1349; x_wconf 69' lang='lat' dir='ltr'>imra&#39;dat</span> <span class='ocrx_word' id='word_1_152' title='bbox 1605 1308 1753 1350; x_wconf 72' lang='lat' dir='ltr'>imrdti</span> <span class='ocrx_word' id='word_1_153' title='bbox 1779 1311 1850 1351; x_wconf 74' lang='lat' dir='ltr'>eid</span> <span class='ocrx_word' id='word_1_154' title='bbox 1866 1313 1997 1353; x_wconf 65' lang='lat' dir='ltr'>mailli</span> <span class='ocrx_word' id='word_1_155' title='bbox 2030 1329 2096 1354; x_wconf 67' lang='lat' dir='ltr'>as-</span> 
     </span>
     <span class='ocr_line' id='line_1_16' title="bbox 127 1377 2096 1441; baseline 0.005 -23"><span class='ocrx_word' id='word_1_156' title='bbox 127 1377 241 1418; x_wconf 81' lang='lat' dir='ltr'>de&#39;ntz&#39;</span> <span class='ocrx_word' id='word_1_157' title='bbox 275 1385 312 1418; x_wconf 75' lang='lat' dir='ltr'>et</span> <span class='ocrx_word' id='word_1_158' title='bbox 348 1380 486 1419; x_wconf 69' lang='lat' dir='ltr'>neo-tic.</span> <span class='ocrx_word' id='word_1_159' title='bbox 509 1379 688 1419; x_wconf 76' lang='lat' dir='ltr'>ade&#39;num</span> <span class='ocrx_word' id='word_1_160' title='bbox 717 1379 949 1420; x_wconf 68' lang='lat' dir='ltr'>inmaidsz&#39;n</span> <span class='ocrx_word' id='word_1_161' title='bbox 986 1388 1199 1421; x_wconf 70' lang='lat' dir='ltr'>connessat</span> <span class='ocrx_word' id='word_1_162' title='bbox 1235 1380 1291 1421; x_wconf 70' lang='lat' dir='ltr'>im</span> <span class='ocrx_word' id='word_1_163' title='bbox 1321 1381 1499 1436; x_wconf 69' lang='lat' dir='ltr'>inynz&#39;im</span> <span class='ocrx_word' id='word_1_164' title='bbox 1528 1382 1642 1423; x_wconf 74' lang='lat' dir='ltr'>nole-c</span> <span class='ocrx_word' id='word_1_165' title='bbox 1678 1390 1717 1423; x_wconf 72' lang='lat' dir='ltr'>ec</span> <span class='ocrx_word' id='word_1_166' title='bbox 1744 1385 1988 1438; x_wconf 65' lang='lat' dir='ltr'>aranqm‘ret</span> <span class='ocrx_word' id='word_1_167' title='bbox 2019 1385 2096 1441; x_wconf 83' lang='lat' dir='ltr'>(gl.</span> 
     </span>
     <span class='ocr_line' id='line_1_17' title="bbox 125 1449 2097 1509; baseline 0.005 -18"><span class='ocrx_word' id='word_1_168' title='bbox 125 1449 211 1506; x_wconf 88' lang='lat' dir='ltr'>ipsi</span> <span class='ocrx_word' id='word_1_169' title='bbox 250 1449 333 1494; x_wconf 86' lang='lat' dir='ltr'>sibi</span> <span class='ocrx_word' id='word_1_170' title='bbox 364 1457 464 1494; x_wconf 89' lang='lat' dir='ltr'>sunt</span> <span class='ocrx_word' id='word_1_171' title='bbox 500 1452 570 1493; x_wconf 83' lang='lat' dir='ltr'>lex</span> <span class='ocrx_word' id='word_1_172' title='bbox 592 1485 602 1493; x_wconf 96' lang='lat'>.</span> <span class='ocrx_word' id='word_1_173' title='bbox 623 1483 634 1493; x_wconf 94' lang='lat'>.</span> <span class='ocrx_word' id='word_1_174' title='bbox 658 1484 667 1493; x_wconf 90' lang='lat'>.</span> <span class='ocrx_word' id='word_1_175' title='bbox 699 1451 810 1494; x_wconf 86' lang='lat' dir='ltr'>inter</span> <span class='ocrx_word' id='word_1_176' title='bbox 848 1466 895 1493; x_wconf 89' lang='lat' dir='ltr'>se</span> <span class='ocrx_word' id='word_1_177' title='bbox 931 1452 1116 1495; x_wconf 88' lang='lat' dir='ltr'>invicem</span> <span class='ocrx_word' id='word_1_178' title='bbox 1148 1453 1480 1509; x_wconf 80' lang='lat' dir='ltr'>cogitationibus</span> <span class='ocrx_word' id='word_1_179' title='bbox 1512 1455 1817 1498; x_wconf 78' lang='lat' dir='ltr'>accusantibus</span> <span class='ocrx_word' id='word_1_180' title='bbox 1859 1466 1931 1499; x_wconf 90' lang='lat' dir='ltr'>aut</span> <span class='ocrx_word' id='word_1_181' title='bbox 1969 1459 2097 1501; x_wconf 85' lang='lat' dir='ltr'>etiam</span> 
     </span>
     <span class='ocr_line' id='line_1_18' title="bbox 128 1522 2095 1585; baseline 0.005 -20"><span class='ocrx_word' id='word_1_182' title='bbox 128 1522 469 1577; x_wconf 80' lang='lat' dir='ltr'>defendentibus,</span> <span class='ocrx_word' id='word_1_183' title='bbox 500 1524 623 1566; x_wconf 84' lang='lat' dir='ltr'>Rom.</span> <span class='ocrx_word' id='word_1_184' title='bbox 645 1526 683 1576; x_wconf 74' lang='lat'>2,</span> <span class='ocrx_word' id='word_1_185' title='bbox 710 1527 784 1575; x_wconf 76' lang='lat'>153</span> <span class='ocrx_word' id='word_1_186' title='bbox 822 1524 848 1566; x_wconf 90' lang='lat' dir='ltr'>i.</span> <span class='ocrx_word' id='word_1_187' title='bbox 873 1539 907 1566; x_wconf 92' lang='lat' dir='ltr'>e.</span> <span class='ocrx_word' id='word_1_188' title='bbox 940 1525 1131 1581; x_wconf 84' lang='lat' dir='ltr'>cogitant</span> <span class='ocrx_word' id='word_1_189' title='bbox 1161 1526 1458 1582; x_wconf 84' lang='lat' dir='ltr'>cogitationes,</span> <span class='ocrx_word' id='word_1_190' title='bbox 1491 1527 1593 1581; x_wconf 87' lang='lat' dir='ltr'>quid</span> <span class='ocrx_word' id='word_1_191' title='bbox 1626 1528 1724 1569; x_wconf 91' lang='lat' dir='ltr'>boni</span> <span class='ocrx_word' id='word_1_192' title='bbox 1758 1529 1814 1570; x_wconf 86' lang='lat' dir='ltr'>sit</span> <span class='ocrx_word' id='word_1_193' title='bbox 1843 1530 2095 1585; x_wconf 78' lang='lat' dir='ltr'>faciendum,</span> 
     </span>
     <span class='ocr_line' id='line_1_19' title="bbox 125 1597 2099 1657; baseline 0.005 -19"><span class='ocrx_word' id='word_1_194' title='bbox 125 1602 170 1638; x_wconf 87' lang='lat' dir='ltr'>et</span> <span class='ocrx_word' id='word_1_195' title='bbox 200 1598 452 1639; x_wconf 88' lang='lat' dir='ltr'>confirmant</span> <span class='ocrx_word' id='word_1_196' title='bbox 489 1597 581 1640; x_wconf 88' lang='lat' dir='ltr'>eius</span> <span class='ocrx_word' id='word_1_197' title='bbox 614 1597 861 1649; x_wconf 84' lang='lat' dir='ltr'>factionem,</span> <span class='ocrx_word' id='word_1_198' title='bbox 901 1598 1003 1640; x_wconf 91' lang='lat' dir='ltr'>boni</span> <span class='ocrx_word' id='word_1_199' title='bbox 1041 1598 1179 1651; x_wconf 89' lang='lat' dir='ltr'>illius,</span> <span class='ocrx_word' id='word_1_200' title='bbox 1221 1599 1505 1641; x_wconf 84' lang='lat' dir='ltr'>condemnant</span> <span class='ocrx_word' id='word_1_201' title='bbox 1543 1607 1684 1642; x_wconf 87' lang='lat' dir='ltr'>autem</span> <span class='ocrx_word' id='word_1_202' title='bbox 1723 1617 1831 1657; x_wconf 90' lang='lat' dir='ltr'>opus</span> <span class='ocrx_word' id='word_1_203' title='bbox 1862 1603 2016 1646; x_wconf 82' lang='lat' dir='ltr'>malum</span> <span class='ocrx_word' id='word_1_204' title='bbox 2057 1614 2099 1647; x_wconf 91' lang='lat' dir='ltr'>et</span> 
     </span>
     <span class='ocr_line' id='line_1_20' title="bbox 125 1669 2099 1730; baseline 0.005 -19"><span class='ocrx_word' id='word_1_205' title='bbox 125 1669 387 1713; x_wconf 87' lang='lat' dir='ltr'>interdicunt</span> <span class='ocrx_word' id='word_1_206' title='bbox 407 1672 471 1726; x_wconf 88' lang='lat' dir='ltr'>id)</span> <span class='ocrx_word' id='word_1_207' title='bbox 505 1671 601 1714; x_wconf 91' lang='lat' dir='ltr'>Wb.</span> <span class='ocrx_word' id='word_1_208' title='bbox 629 1674 678 1724; x_wconf 64' lang='lat'>1⁰,</span> <span class='ocrx_word' id='word_1_209' title='bbox 711 1671 982 1727; x_wconf 84' lang='lat' dir='ltr'>apertissime</span> <span class='ocrx_word' id='word_1_210' title='bbox 1012 1677 1131 1727; x_wconf 87' lang='lat' dir='ltr'>patet</span> <span class='ocrx_word' id='word_1_211' title='bbox 1161 1672 1393 1714; x_wconf 87' lang='lat' dir='ltr'>discrimen</span> <span class='ocrx_word' id='word_1_212' title='bbox 1424 1673 1655 1729; x_wconf 88' lang='lat' dir='ltr'>duplicium</span> <span class='ocrx_word' id='word_1_213' title='bbox 1676 1674 1841 1716; x_wconf 84' lang='lat' dir='ltr'>illarum</span> <span class='ocrx_word' id='word_1_214' title='bbox 1862 1676 2099 1730; x_wconf 86' lang='lat' dir='ltr'>formarum,</span> 
     </span>
     <span class='ocr_line' id='line_1_21' title="bbox 127 1744 2113 1804; baseline 0.005 -19"><span class='ocrx_word' id='word_1_215' title='bbox 127 1758 237 1800; x_wconf 85' lang='lat' dir='ltr'>quae</span> <span class='ocrx_word' id='word_1_216' title='bbox 268 1744 526 1802; x_wconf 80' lang='lat' dir='ltr'>singularem</span> <span class='ocrx_word' id='word_1_217' title='bbox 556 1745 601 1786; x_wconf 90' lang='lat' dir='ltr'>in</span> <span class='ocrx_word' id='word_1_218' title='bbox 634 1745 818 1787; x_wconf 82' lang='lat' dir='ltr'>flexione</span> <span class='ocrx_word' id='word_1_219' title='bbox 852 1745 971 1787; x_wconf 85' lang='lat' dir='ltr'>verbi</span> <span class='ocrx_word' id='word_1_220' title='bbox 1002 1745 1268 1787; x_wconf 86' lang='lat' dir='ltr'>constituunt</span> <span class='ocrx_word' id='word_1_221' title='bbox 1299 1746 1604 1801; x_wconf 82' lang='lat' dir='ltr'>proprietatem</span> <span class='ocrx_word' id='word_1_222' title='bbox 1635 1747 1807 1803; x_wconf 82' lang='lat' dir='ltr'>linguae</span> <span class='ocrx_word' id='word_1_223' title='bbox 1838 1748 2113 1804; x_wconf 85' lang='lat' dir='ltr'>hibernicae,-</span> 
     </span>
     <span class='ocr_line' id='line_1_22' title="bbox 125 1816 2096 1875; baseline 0.005 -17"><span class='ocrx_word' id='word_1_224' title='bbox 125 1816 180 1859; x_wconf 85' lang='lat' dir='ltr'>iis</span> <span class='ocrx_word' id='word_1_225' title='bbox 217 1817 326 1873; x_wconf 87' lang='lat' dir='ltr'>ipsis</span> <span class='ocrx_word' id='word_1_226' title='bbox 367 1817 533 1873; x_wconf 83' lang='lat' dir='ltr'>legibus</span> <span class='ocrx_word' id='word_1_227' title='bbox 574 1833 743 1874; x_wconf 85' lang='lat' dir='ltr'>parere,</span> <span class='ocrx_word' id='word_1_228' title='bbox 784 1832 890 1873; x_wconf 85' lang='lat' dir='ltr'>quas</span> <span class='ocrx_word' id='word_1_229' title='bbox 923 1831 961 1872; x_wconf 91' lang='lat' dir='ltr'>p.</span> <span class='ocrx_word' id='word_1_230' title='bbox 996 1819 1080 1860; x_wconf 69' lang='lat'>425&gt;</span> <span class='ocrx_word' id='word_1_231' title='bbox 1111 1833 1204 1874; x_wconf 87' lang='lat' dir='ltr'>sqq.</span> <span class='ocrx_word' id='word_1_232' title='bbox 1245 1819 1428 1861; x_wconf 88' lang='lat' dir='ltr'>breviter</span> <span class='ocrx_word' id='word_1_233' title='bbox 1460 1820 1755 1875; x_wconf 82' lang='lat' dir='ltr'>exposuimus3</span> <span class='ocrx_word' id='word_1_234' title='bbox 1796 1831 1895 1864; x_wconf 88' lang='lat' dir='ltr'>sunt</span> <span class='ocrx_word' id='word_1_235' title='bbox 1932 1825 2042 1866; x_wconf 89' lang='lat' dir='ltr'>enim</span> <span class='ocrx_word' id='word_1_236' title='bbox 2075 1841 2096 1867; x_wconf 86' lang='lat' dir='ltr'>e</span> 
     </span>
     <span class='ocr_line' id='line_1_23' title="bbox 125 1891 2096 1949; baseline 0.005 -19"><span class='ocrx_word' id='word_1_237' title='bbox 125 1895 334 1944; x_wconf 87' lang='lat' dir='ltr'>quattuor,</span> <span class='ocrx_word' id='word_1_238' title='bbox 367 1905 476 1946; x_wconf 87' lang='lat' dir='ltr'>quae</span> <span class='ocrx_word' id='word_1_239' title='bbox 506 1891 550 1933; x_wconf 90' lang='lat' dir='ltr'>in</span> <span class='ocrx_word' id='word_1_240' title='bbox 581 1891 647 1933; x_wconf 88' lang='lat' dir='ltr'>his</span> <span class='ocrx_word' id='word_1_241' title='bbox 679 1891 962 1943; x_wconf 87' lang='lat' dir='ltr'>continentur,</span> <span class='ocrx_word' id='word_1_242' title='bbox 995 1891 1202 1946; x_wconf 85' lang='lat' dir='ltr'>exemplis</span> <span class='ocrx_word' id='word_1_243' title='bbox 1233 1892 1382 1933; x_wconf 83' lang='lat' dir='ltr'>tertiae</span> <span class='ocrx_word' id='word_1_244' title='bbox 1413 1907 1623 1948; x_wconf 85' lang='lat' dir='ltr'>personae</span> <span class='ocrx_word' id='word_1_245' title='bbox 1646 1894 1823 1949; x_wconf 86' lang='lat' dir='ltr'>pluralis</span> <span class='ocrx_word' id='word_1_246' title='bbox 1845 1897 2096 1939; x_wconf 85' lang='lat' dir='ltr'>subiunctae</span> 
     </span>
     <span class='ocr_line' id='line_1_24' title="bbox 124 1960 2093 2026; baseline 0.005 -23"><span class='ocrx_word' id='word_1_247' title='bbox 124 1960 285 2005; x_wconf 85' lang='lat' dir='ltr'>formae</span> <span class='ocrx_word' id='word_1_248' title='bbox 315 1963 416 2005; x_wconf 85' lang='lat' dir='ltr'>tria:</span> <span class='ocrx_word' id='word_1_249' title='bbox 455 1965 640 2019; x_wconf 66' lang='lat' dir='ltr'>quairec</span> <span class='ocrx_word' id='word_1_250' title='bbox 670 1962 987 2018; x_wconf 83' lang='lat' dir='ltr'>(interdicunt),</span> <span class='ocrx_word' id='word_1_251' title='bbox 1019 1972 1228 2006; x_wconf 73' lang='lat' dir='ltr'>connessat</span> <span class='ocrx_word' id='word_1_252' title='bbox 1258 1964 1599 2020; x_wconf 84' lang='lat' dir='ltr'>(condemnant),</span> <span class='ocrx_word' id='word_1_253' title='bbox 1631 1968 1817 2009; x_wconf 74' lang='lat' dir='ltr'>z&#39;mra&#39;clat</span> <span class='ocrx_word' id='word_1_254' title='bbox 1848 1969 2093 2026; x_wconf 85' lang='lat' dir='ltr'>(cogitant),</span> 
     </span>
     <span class='ocr_line' id='line_1_25' title="bbox 125 2034 2095 2100; baseline 0.005 -23"><span class='ocrx_word' id='word_1_255' title='bbox 125 2034 316 2089; x_wconf 82' lang='lat' dir='ltr'>profecta</span> <span class='ocrx_word' id='word_1_256' title='bbox 345 2053 371 2079; x_wconf 83' lang='lat' dir='ltr'>a</span> <span class='ocrx_word' id='word_1_257' title='bbox 393 2037 533 2079; x_wconf 77' lang='lat' dir='ltr'>verbis</span> <span class='ocrx_word' id='word_1_258' title='bbox 554 2038 682 2080; x_wconf 88' lang='lat' dir='ltr'>trium</span> <span class='ocrx_word' id='word_1_259' title='bbox 705 2037 908 2079; x_wconf 67' lang='lat' dir='ltr'>seriei-um</span> <span class='ocrx_word' id='word_1_260' title='bbox 930 2037 1193 2092; x_wconf 84' lang='lat' dir='ltr'>compositis,</span> <span class='ocrx_word' id='word_1_261' title='bbox 1228 2053 1353 2079; x_wconf 88' lang='lat' dir='ltr'>unum</span> <span class='ocrx_word' id='word_1_262' title='bbox 1376 2039 1616 2082; x_wconf 84' lang='lat' dir='ltr'>absolutae:</span> <span class='ocrx_word' id='word_1_263' title='bbox 1648 2043 1771 2082; x_wconf 66' lang='lat' dir='ltr'>uertit</span> <span class='ocrx_word' id='word_1_264' title='bbox 1791 2042 2095 2100; x_wconf 84' lang='lat' dir='ltr'>(confirmant),</span> 
     </span>
     <span class='ocr_line' id='line_1_26' title="bbox 125 2109 2096 2174; baseline 0.005 -24"><span class='ocrx_word' id='word_1_265' title='bbox 125 2123 151 2150; x_wconf 87' lang='lat' dir='ltr'>a</span> <span class='ocrx_word' id='word_1_266' title='bbox 180 2109 367 2165; x_wconf 87' lang='lat' dir='ltr'>simplici</span> <span class='ocrx_word' id='word_1_267' title='bbox 396 2110 526 2153; x_wconf 88' lang='lat' dir='ltr'>verbo</span> <span class='ocrx_word' id='word_1_268' title='bbox 559 2110 685 2153; x_wconf 88' lang='lat' dir='ltr'>seriei</span> <span class='ocrx_word' id='word_1_269' title='bbox 707 2111 878 2166; x_wconf 78' lang='lat' dir='ltr'>primae.</span> <span class='ocrx_word' id='word_1_270' title='bbox 929 2110 1022 2152; x_wconf 89' lang='lat' dir='ltr'>Nec</span> <span class='ocrx_word' id='word_1_271' title='bbox 1042 2110 1166 2152; x_wconf 87' lang='lat' dir='ltr'>aliter</span> <span class='ocrx_word' id='word_1_272' title='bbox 1187 2111 1394 2166; x_wconf 80' lang='lat' dir='ltr'>exemplis</span> <span class='ocrx_word' id='word_1_273' title='bbox 1427 2113 1680 2168; x_wconf 84' lang='lat' dir='ltr'>quibusdam</span> <span class='ocrx_word' id='word_1_274' title='bbox 1710 2113 1865 2157; x_wconf 85' lang='lat' dir='ltr'>formae</span> <span class='ocrx_word' id='word_1_275' title='bbox 1886 2133 1954 2169; x_wconf 68' lang='lat' dir='ltr'>oza,</span> <span class='ocrx_word' id='word_1_276' title='bbox 1986 2133 2096 2174; x_wconf 84' lang='lat' dir='ltr'>quae</span> 
     </span>
     <span class='ocr_line' id='line_1_27' title="bbox 125 2183 2096 2241; baseline 0.004 -16"><span class='ocrx_word' id='word_1_277' title='bbox 125 2183 177 2225; x_wconf 85' lang='lat' dir='ltr'>ad</span> <span class='ocrx_word' id='word_1_278' title='bbox 205 2199 250 2239; x_wconf 85' lang='lat' dir='ltr'>p.</span> <span class='ocrx_word' id='word_1_279' title='bbox 273 2184 354 2225; x_wconf 73' lang='lat'>235</span> <span class='ocrx_word' id='word_1_280' title='bbox 391 2183 479 2238; x_wconf 87' lang='lat' dir='ltr'>(cd.</span> <span class='ocrx_word' id='word_1_281' title='bbox 508 2183 565 2238; x_wconf 85' lang='lat' dir='ltr'>I.)</span> <span class='ocrx_word' id='word_1_282' title='bbox 595 2184 820 2240; x_wconf 84' lang='lat' dir='ltr'>proposuit</span> <span class='ocrx_word' id='word_1_283' title='bbox 850 2183 915 2225; x_wconf 88' lang='lat' dir='ltr'>vir</span> <span class='ocrx_word' id='word_1_284' title='bbox 945 2183 1244 2237; x_wconf 81' lang='lat' dir='ltr'>doctissimus,</span> <span class='ocrx_word' id='word_1_285' title='bbox 1287 2199 1544 2241; x_wconf 81' lang='lat' dir='ltr'>quamquam</span> <span class='ocrx_word' id='word_1_286' title='bbox 1584 2187 1688 2228; x_wconf 90' lang='lat' dir='ltr'>miro</span> <span class='ocrx_word' id='word_1_287' title='bbox 1727 2203 1866 2231; x_wconf 79' lang='lat' dir='ltr'>erroro</span> <span class='ocrx_word' id='word_1_288' title='bbox 1897 2191 2096 2233; x_wconf 80' lang='lat' dir='ltr'>inductus</span> 
     </span>
     <span class='ocr_line' id='line_1_28' title="bbox 126 2256 2096 2316; baseline 0.004 -17"><span class='ocrx_word' id='word_1_289' title='bbox 126 2256 292 2299; x_wconf 81' lang='lat' dir='ltr'>articuli</span> <span class='ocrx_word' id='word_1_290' title='bbox 323 2257 501 2299; x_wconf 82' lang='lat' dir='ltr'>formam</span> <span class='ocrx_word' id='word_1_291' title='bbox 531 2257 703 2313; x_wconf 86' lang='lat' dir='ltr'>generis</span> <span class='ocrx_word' id='word_1_292' title='bbox 734 2256 873 2298; x_wconf 87' lang='lat' dir='ltr'>neutri</span> <span class='ocrx_word' id='word_1_293' title='bbox 895 2272 950 2298; x_wconf 74' lang='lat' dir='ltr'>an</span> <span class='ocrx_word' id='word_1_294' title='bbox 979 2256 1087 2298; x_wconf 81' lang='lat' dir='ltr'>miro</span> <span class='ocrx_word' id='word_1_295' title='bbox 1117 2256 1243 2299; x_wconf 89' lang='lat' dir='ltr'>modo</span> <span class='ocrx_word' id='word_1_296' title='bbox 1274 2264 1477 2300; x_wconf 85' lang='lat' dir='ltr'>mutatam</span> <span class='ocrx_word' id='word_1_297' title='bbox 1507 2258 1552 2300; x_wconf 89' lang='lat' dir='ltr'>in</span> <span class='ocrx_word' id='word_1_298' title='bbox 1574 2258 1627 2301; x_wconf 87' lang='lat' dir='ltr'>iis</span> <span class='ocrx_word' id='word_1_299' title='bbox 1657 2260 1802 2304; x_wconf 87' lang='lat' dir='ltr'>inesse</span> <span class='ocrx_word' id='word_1_300' title='bbox 1832 2263 1977 2316; x_wconf 80' lang='lat' dir='ltr'>voluit,</span> <span class='ocrx_word' id='word_1_301' title='bbox 2010 2265 2096 2306; x_wconf 89' lang='lat' dir='ltr'>col-</span> 
     </span>
     <span class='ocr_line' id='line_1_29' title="bbox 126 2329 2096 2392; baseline 0.004 -19"><span class='ocrx_word' id='word_1_302' title='bbox 126 2330 226 2373; x_wconf 81' lang='lat' dir='ltr'>latis</span> <span class='ocrx_word' id='word_1_303' title='bbox 257 2346 349 2373; x_wconf 88' lang='lat' dir='ltr'>cum</span> <span class='ocrx_word' id='word_1_304' title='bbox 384 2330 565 2372; x_wconf 84' lang='lat' dir='ltr'>formula</span> <span class='ocrx_word' id='word_1_305' title='bbox 593 2329 874 2386; x_wconf 87' lang='lat' dir='ltr'>pronominali</span> <span class='ocrx_word' id='word_1_306' title='bbox 907 2345 964 2369; x_wconf 77' lang='lat' dir='ltr'>na</span> <span class='ocrx_word' id='word_1_307' title='bbox 994 2330 1075 2371; x_wconf 74' lang='lat' dir='ltr'>aill</span> <span class='ocrx_word' id='word_1_308' title='bbox 1102 2329 1238 2383; x_wconf 85' lang='lat' dir='ltr'>(aliud</span> <span class='ocrx_word' id='word_1_309' title='bbox 1270 2331 1413 2386; x_wconf 85' lang='lat' dir='ltr'>quid),</span> <span class='ocrx_word' id='word_1_310' title='bbox 1446 2345 1574 2387; x_wconf 83' lang='lat' dir='ltr'>quam</span> <span class='ocrx_word' id='word_1_311' title='bbox 1602 2333 1676 2375; x_wconf 92' lang='lat' dir='ltr'>ille</span> <span class='ocrx_word' id='word_1_312' title='bbox 1706 2334 1808 2376; x_wconf 88' lang='lat' dir='ltr'>olim</span> <span class='ocrx_word' id='word_1_313' title='bbox 1840 2336 1992 2392; x_wconf 84' lang='lat' dir='ltr'>plurali</span> <span class='ocrx_word' id='word_1_314' title='bbox 2022 2340 2096 2380; x_wconf 84' lang='lat' dir='ltr'>tri—</span> 
     </span>
     <span class='ocr_line' id='line_1_30' title="bbox 125 2402 2095 2463; baseline 0.004 -17"><span class='ocrx_word' id='word_1_315' title='bbox 125 2405 270 2447; x_wconf 85' lang='lat' dir='ltr'>butam</span> <span class='ocrx_word' id='word_1_316' title='bbox 304 2410 455 2461; x_wconf 86' lang='lat' dir='ltr'>postea</span> <span class='ocrx_word' id='word_1_317' title='bbox 484 2403 644 2446; x_wconf 81' lang='lat' dir='ltr'>reiecta</span> <span class='ocrx_word' id='word_1_318' title='bbox 674 2402 1024 2459; x_wconf 83' lang='lat' dir='ltr'>interpretatione</span> <span class='ocrx_word' id='word_1_319' title='bbox 1064 2402 1205 2458; x_wconf 89' lang='lat' dir='ltr'>priore</span> <span class='ocrx_word' id='word_1_320' title='bbox 1236 2404 1385 2445; x_wconf 89' lang='lat' dir='ltr'>eodem</span> <span class='ocrx_word' id='word_1_321' title='bbox 1423 2404 1506 2446; x_wconf 87' lang='lat' dir='ltr'>huc</span> <span class='ocrx_word' id='word_1_322' title='bbox 1542 2406 1763 2448; x_wconf 87' lang='lat' dir='ltr'>rettulerat</span> <span class='ocrx_word' id='word_1_323' title='bbox 1796 2422 1838 2463; x_wconf 93' lang='lat' dir='ltr'>p.</span> <span class='ocrx_word' id='word_1_324' title='bbox 1861 2411 1962 2463; x_wconf 79' lang='lat'>364,</span> <span class='ocrx_word' id='word_1_325' title='bbox 2004 2427 2095 2454; x_wconf 88' lang='lat' dir='ltr'>eam</span> 
     </span>
     <span class='ocr_line' id='line_1_31' title="bbox 125 2475 2096 2533; baseline 0.004 -14"><span class='ocrx_word' id='word_1_326' title='bbox 125 2477 251 2520; x_wconf 84' lang='lat' dir='ltr'>huius</span> <span class='ocrx_word' id='word_1_327' title='bbox 281 2476 484 2519; x_wconf 83' lang='lat' dir='ltr'>formulae</span> <span class='ocrx_word' id='word_1_328' title='bbox 507 2476 835 2533; x_wconf 86' lang='lat' dir='ltr'>explicationem</span> <span class='ocrx_word' id='word_1_329' title='bbox 858 2475 1081 2517; x_wconf 88' lang='lat' dir='ltr'>enucleare</span> <span class='ocrx_word' id='word_1_330' title='bbox 1102 2476 1330 2531; x_wconf 80' lang='lat' dir='ltr'>potuimus,</span> <span class='ocrx_word' id='word_1_331' title='bbox 1363 2492 1489 2532; x_wconf 87' lang='lat' dir='ltr'>quam</span> <span class='ocrx_word' id='word_1_332' title='bbox 1512 2493 1638 2520; x_wconf 87' lang='lat' dir='ltr'>unam</span> <span class='ocrx_word' id='word_1_333' title='bbox 1670 2495 1766 2523; x_wconf 88' lang='lat' dir='ltr'>esse</span> <span class='ocrx_word' id='word_1_334' title='bbox 1788 2496 1929 2524; x_wconf 87' lang='lat' dir='ltr'>veram</span> <span class='ocrx_word' id='word_1_335' title='bbox 1952 2492 2096 2527; x_wconf 88' lang='lat' dir='ltr'>osten-</span> 
     </span>
     <span class='ocr_line' id='line_1_32' title="bbox 126 2547 2095 2612; baseline 0.004 -20"><span class='ocrx_word' id='word_1_336' title='bbox 126 2549 189 2592; x_wconf 88' lang='lat' dir='ltr'>dit</span> <span class='ocrx_word' id='word_1_337' title='bbox 217 2549 434 2605; x_wconf 79' lang='lat' dir='ltr'>analogia,</span> <span class='ocrx_word' id='word_1_338' title='bbox 473 2556 519 2591; x_wconf 87' lang='lat' dir='ltr'>ut</span> <span class='ocrx_word' id='word_1_339' title='bbox 554 2565 610 2590; x_wconf 75' lang='lat' dir='ltr'>na</span> <span class='ocrx_word' id='word_1_340' title='bbox 641 2549 698 2592; x_wconf 89' lang='lat' dir='ltr'>sit</span> <span class='ocrx_word' id='word_1_341' title='bbox 726 2549 832 2590; x_wconf 75' lang='lat' dir='ltr'>nach.</span> <span class='ocrx_word' id='word_1_342' title='bbox 861 2547 1127 2604; x_wconf 82' lang='lat' dir='ltr'>pronominis</span> <span class='ocrx_word' id='word_1_343' title='bbox 1157 2548 1291 2590; x_wconf 83' lang='lat' dir='ltr'>forma</span> <span class='ocrx_word' id='word_1_344' title='bbox 1320 2564 1430 2591; x_wconf 84' lang='lat' dir='ltr'>nom.</span> <span class='ocrx_word' id='word_1_345' title='bbox 1464 2565 1551 2593; x_wconf 85' lang='lat' dir='ltr'>acc.</span> <span class='ocrx_word' id='word_1_346' title='bbox 1595 2551 1825 2607; x_wconf 84' lang='lat' dir='ltr'>singularis</span> <span class='ocrx_word' id='word_1_347' title='bbox 1863 2555 1907 2596; x_wconf 89' lang='lat' dir='ltr'>in</span> <span class='ocrx_word' id='word_1_348' title='bbox 1938 2571 2095 2612; x_wconf 84' lang='lat' dir='ltr'>genere</span> 
     </span>
     <span class='ocr_line' id='line_1_33' title="bbox 124 2621 2095 2683; baseline 0.004 -19"><span class='ocrx_word' id='word_1_349' title='bbox 124 2627 276 2665; x_wconf 81' lang='lat' dir='ltr'>neutro</span> <span class='ocrx_word' id='word_1_350' title='bbox 292 2621 447 2676; x_wconf 79' lang='lat' dir='ltr'>(ed.11.</span> <span class='ocrx_word' id='word_1_351' title='bbox 468 2637 539 2679; x_wconf 91' lang='lat' dir='ltr'>pp.</span> <span class='ocrx_word' id='word_1_352' title='bbox 559 2621 782 2677; x_wconf 62' lang='lat'>358362).</span> <span class='ocrx_word' id='word_1_353' title='bbox 824 2621 934 2663; x_wconf 87' lang='lat' dir='ltr'>Item</span> <span class='ocrx_word' id='word_1_354' title='bbox 956 2621 1209 2663; x_wconf 85' lang='lat' dir='ltr'>sententiam</span> <span class='ocrx_word' id='word_1_355' title='bbox 1232 2622 1296 2664; x_wconf 88' lang='lat' dir='ltr'>ed.</span> <span class='ocrx_word' id='word_1_356' title='bbox 1314 2621 1348 2663; x_wconf 91' lang='lat' dir='ltr'>I.</span> <span class='ocrx_word' id='word_1_357' title='bbox 1372 2638 1412 2678; x_wconf 92' lang='lat' dir='ltr'>p.</span> <span class='ocrx_word' id='word_1_358' title='bbox 1432 2625 1507 2664; x_wconf 82' lang='lat'>441</span> <span class='ocrx_word' id='word_1_359' title='bbox 1537 2624 1762 2680; x_wconf 86' lang='lat' dir='ltr'>prolatam:</span> <span class='ocrx_word' id='word_1_360' title='bbox 1785 2627 1882 2667; x_wconf 75' lang='lat' dir='ltr'>hore</span> <span class='ocrx_word' id='word_1_361' title='bbox 1902 2629 2095 2683; x_wconf 58' lang='lat' dir='ltr'>detrudat,</span> 
     </span>
     <span class='ocr_line' id='line_1_34' title="bbox 124 2694 2093 2753; baseline 0.004 -16"><span class='ocrx_word' id='word_1_362' title='bbox 124 2695 169 2737; x_wconf 88' lang='lat' dir='ltr'>in</span> <span class='ocrx_word' id='word_1_363' title='bbox 192 2710 277 2751; x_wconf 88' lang='lat' dir='ltr'>qua</span> <span class='ocrx_word' id='word_1_364' title='bbox 306 2695 463 2737; x_wconf 90' lang='lat' dir='ltr'>dudum</span> <span class='ocrx_word' id='word_1_365' title='bbox 493 2695 644 2749; x_wconf 89' lang='lat' dir='ltr'>(Beitr.</span> <span class='ocrx_word' id='word_1_366' title='bbox 668 2694 718 2737; x_wconf 73' lang='lat' dir='ltr'>V,</span> <span class='ocrx_word' id='word_1_367' title='bbox 742 2694 818 2749; x_wconf 83' lang='lat'>45)</span> <span class='ocrx_word' id='word_1_368' title='bbox 849 2694 1175 2749; x_wconf 85' lang='lat' dir='ltr'>suspicabamur</span> <span class='ocrx_word' id='word_1_369' title='bbox 1203 2694 1348 2736; x_wconf 88' lang='lat' dir='ltr'>inesse</span> <span class='ocrx_word' id='word_1_370' title='bbox 1381 2695 1541 2749; x_wconf 85' lang='lat' dir='ltr'>vitium,</span> <span class='ocrx_word' id='word_1_371' title='bbox 1573 2697 1658 2738; x_wconf 83' lang='lat' dir='ltr'>iam</span> <span class='ocrx_word' id='word_1_372' title='bbox 1688 2697 1732 2739; x_wconf 86' lang='lat' dir='ltr'>in</span> <span class='ocrx_word' id='word_1_373' title='bbox 1753 2698 1989 2753; x_wconf 89' lang='lat' dir='ltr'>pleniorem</span> <span class='ocrx_word' id='word_1_374' title='bbox 2009 2702 2093 2744; x_wconf 85' lang='lat' dir='ltr'>for-</span> 
     </span>
     <span class='ocr_line' id='line_1_35' title="bbox 128 2767 2093 2827; baseline 0.004 -17"><span class='ocrx_word' id='word_1_375' title='bbox 128 2783 237 2811; x_wconf 85' lang='lat' dir='ltr'>mam</span> <span class='ocrx_word' id='word_1_376' title='bbox 277 2782 454 2823; x_wconf 84' lang='lat' dir='ltr'>eamque</span> <span class='ocrx_word' id='word_1_377' title='bbox 485 2767 783 2810; x_wconf 87' lang='lat' dir='ltr'>correctiorem</span> <span class='ocrx_word' id='word_1_378' title='bbox 822 2768 1047 2808; x_wconf 82' lang='lat' dir='ltr'>restituere</span> <span class='ocrx_word' id='word_1_379' title='bbox 1076 2767 1202 2809; x_wconf 87' lang='lat' dir='ltr'>nobis</span> <span class='ocrx_word' id='word_1_380' title='bbox 1234 2767 1354 2809; x_wconf 88' lang='lat' dir='ltr'>licuit</span> <span class='ocrx_word' id='word_1_381' title='bbox 1394 2769 1479 2823; x_wconf 89' lang='lat' dir='ltr'>(ed.</span> <span class='ocrx_word' id='word_1_382' title='bbox 1502 2769 1559 2810; x_wconf 93' lang='lat' dir='ltr'>II.</span> <span class='ocrx_word' id='word_1_383' title='bbox 1591 2785 1661 2827; x_wconf 91' lang='lat' dir='ltr'>pp.</span> <span class='ocrx_word' id='word_1_384' title='bbox 1692 2772 1787 2813; x_wconf 78' lang='lat'>332.</span> <span class='ocrx_word' id='word_1_385' title='bbox 1811 2773 1916 2827; x_wconf 78' lang='lat'>432)</span> <span class='ocrx_word' id='word_1_386' title='bbox 1947 2788 1970 2816; x_wconf 90' lang='lat' dir='ltr'>e</span> <span class='ocrx_word' id='word_1_387' title='bbox 2000 2775 2093 2818; x_wconf 91' lang='lat' dir='ltr'>loco</span> 
     </span>
     <span class='ocr_line' id='line_1_36' title="bbox 128 2838 2098 2897; baseline 0.003 -15"><span class='ocrx_word' id='word_1_388' title='bbox 128 2842 296 2897; x_wconf 86' lang='lat' dir='ltr'>integro</span> <span class='ocrx_word' id='word_1_389' title='bbox 327 2841 524 2897; x_wconf 85' lang='lat' dir='ltr'>apposito</span> <span class='ocrx_word' id='word_1_390' title='bbox 557 2841 608 2883; x_wconf 88' lang='lat' dir='ltr'>ad</span> <span class='ocrx_word' id='word_1_391' title='bbox 642 2856 681 2896; x_wconf 89' lang='lat' dir='ltr'>p.</span> <span class='ocrx_word' id='word_1_392' title='bbox 704 2841 788 2882; x_wconf 75' lang='lat'>453</span> <span class='ocrx_word' id='word_1_393' title='bbox 819 2839 905 2893; x_wconf 87' lang='lat' dir='ltr'>(ed.</span> <span class='ocrx_word' id='word_1_394' title='bbox 931 2838 1002 2894; x_wconf 73' lang='lat' dir='ltr'>I.):</span> <span class='ocrx_word' id='word_1_395' title='bbox 1035 2840 1226 2881; x_wconf 57' lang='lat' dir='ltr'>iscumme</span> <span class='ocrx_word' id='word_1_396' title='bbox 1257 2842 1351 2881; x_wconf 77' lang='lat' dir='ltr'>doib</span> <span class='ocrx_word' id='word_1_397' title='bbox 1382 2841 1452 2881; x_wconf 55' lang='lat' dir='ltr'>bal</span> <span class='ocrx_word' id='word_1_398' title='bbox 1479 2842 1608 2883; x_wconf 63' lang='lat' dir='ltr'>idcclte</span> <span class='ocrx_word' id='word_1_399' title='bbox 1638 2845 1821 2885; x_wconf 69' lang='lat' dir='ltr'>domeltz&#39;s</span> <span class='ocrx_word' id='word_1_400' title='bbox 1849 2846 1946 2887; x_wconf 74' lang='lat' dir='ltr'>hore</span> <span class='ocrx_word' id='word_1_401' title='bbox 1973 2850 2022 2890; x_wconf 79' lang='lat' dir='ltr'>ni</span> <span class='ocrx_word' id='word_1_402' title='bbox 2038 2850 2098 2889; x_wconf 75' lang='lat' dir='ltr'>tri</span> 
     </span>
     <span class='ocr_line' id='line_1_37' title="bbox 125 2911 2093 2975; baseline 0.004 -20"><span class='ocrx_word' id='word_1_403' title='bbox 125 2915 274 2955; x_wconf 70' lang='lat' dir='ltr'>som‘rtz&#39;</span> <span class='ocrx_word' id='word_1_404' title='bbox 300 2915 444 2954; x_wconf 69' lang='lat' dir='ltr'>uiris-se</span> <span class='ocrx_word' id='word_1_405' title='bbox 464 2914 645 2955; x_wconf 70' lang='lat' dir='ltr'>clamelat</span> <span class='ocrx_word' id='word_1_406' title='bbox 676 2913 764 2967; x_wconf 86' lang='lat' dir='ltr'>(est</span> <span class='ocrx_word' id='word_1_407' title='bbox 792 2913 903 2953; x_wconf 90' lang='lat' dir='ltr'>idem</span> <span class='ocrx_word' id='word_1_408' title='bbox 934 2911 988 2954; x_wconf 88' lang='lat' dir='ltr'>iis</span> <span class='ocrx_word' id='word_1_409' title='bbox 1020 2912 1108 2954; x_wconf 88' lang='lat' dir='ltr'>acsi</span> <span class='ocrx_word' id='word_1_410' title='bbox 1141 2912 1419 2969; x_wconf 84' lang='lat' dir='ltr'>idolothytum</span> <span class='ocrx_word' id='word_1_411' title='bbox 1454 2915 1641 2968; x_wconf 77' lang='lat' dir='ltr'>ederent,</span> <span class='ocrx_word' id='word_1_412' title='bbox 1673 2917 1775 2971; x_wconf 85' lang='lat' dir='ltr'>quia</span> <span class='ocrx_word' id='word_1_413' title='bbox 1803 2933 1889 2960; x_wconf 89' lang='lat' dir='ltr'>non</span> <span class='ocrx_word' id='word_1_414' title='bbox 1919 2935 1995 2975; x_wconf 88' lang='lat' dir='ltr'>per</span> <span class='ocrx_word' id='word_1_415' title='bbox 2024 2922 2093 2962; x_wconf 91' lang='lat' dir='ltr'>fir-</span> 
     </span>
     <span class='ocr_line' id='line_1_38' title="bbox 127 2985 2092 3047; baseline 0.005 -20"><span class='ocrx_word' id='word_1_416' title='bbox 127 2986 316 3029; x_wconf 82' lang='lat' dir='ltr'>mitatem</span> <span class='ocrx_word' id='word_1_417' title='bbox 347 2986 443 3029; x_wconf 84' lang='lat' dir='ltr'>fidei</span> <span class='ocrx_word' id='word_1_418' title='bbox 479 3001 531 3028; x_wconf 86' lang='lat' dir='ltr'>ea</span> <span class='ocrx_word' id='word_1_419' title='bbox 561 2986 710 3040; x_wconf 87' lang='lat' dir='ltr'>edunt)</span> <span class='ocrx_word' id='word_1_420' title='bbox 754 2985 850 3027; x_wconf 82' lang='lat' dir='ltr'>Wb.</span> <span class='ocrx_word' id='word_1_421' title='bbox 885 2986 969 3036; x_wconf 44' lang='lat'>10⁹3</span> <span class='ocrx_word' id='word_1_422' title='bbox 1009 2986 1120 3040; x_wconf 85' lang='lat' dir='ltr'>quod</span> <span class='ocrx_word' id='word_1_423' title='bbox 1162 2986 1400 3040; x_wconf 83' lang='lat' dir='ltr'>exemplum</span> <span class='ocrx_word' id='word_1_424' title='bbox 1441 3002 1535 3029; x_wconf 87' lang='lat' dir='ltr'>cum</span> <span class='ocrx_word' id='word_1_425' title='bbox 1572 2990 1722 3044; x_wconf 83' lang='lat' dir='ltr'>paucis</span> <span class='ocrx_word' id='word_1_426' title='bbox 1764 2991 1817 3032; x_wconf 83' lang='lat' dir='ltr'>ad</span> <span class='ocrx_word' id='word_1_427' title='bbox 1857 3007 1897 3047; x_wconf 88' lang='lat' dir='ltr'>p.</span> <span class='ocrx_word' id='word_1_428' title='bbox 1927 2994 2010 3035; x_wconf 78' lang='lat'>885</span> <span class='ocrx_word' id='word_1_429' title='bbox 2040 2995 2092 3036; x_wconf 89' lang='lat' dir='ltr'>ab</span> 
     </span>
     <span class='ocr_line' id='line_1_39' title="bbox 126 3058 2091 3117; baseline 0.004 -16"><span class='ocrx_word' id='word_1_430' title='bbox 126 3067 298 3102; x_wconf 81' lang='lat' dir='ltr'>auctore</span> <span class='ocrx_word' id='word_1_431' title='bbox 330 3059 486 3101; x_wconf 82' lang='lat' dir='ltr'>additis</span> <span class='ocrx_word' id='word_1_432' title='bbox 517 3059 701 3115; x_wconf 84' lang='lat' dir='ltr'>pertinet</span> <span class='ocrx_word' id='word_1_433' title='bbox 730 3059 783 3099; x_wconf 85' lang='lat' dir='ltr'>ad</span> <span class='ocrx_word' id='word_1_434' title='bbox 815 3073 876 3110; x_wconf 87' lang='lat' dir='ltr'>ea,</span> <span class='ocrx_word' id='word_1_435' title='bbox 909 3073 1017 3113; x_wconf 86' lang='lat' dir='ltr'>quae</span> <span class='ocrx_word' id='word_1_436' title='bbox 1049 3058 1148 3099; x_wconf 85' lang='lat' dir='ltr'>olim</span> <span class='ocrx_word' id='word_1_437' title='bbox 1180 3058 1331 3112; x_wconf 83' lang='lat' dir='ltr'>(Beitr.</span> <span class='ocrx_word' id='word_1_438' title='bbox 1356 3059 1405 3100; x_wconf 92' lang='lat' dir='ltr'>V.</span> <span class='ocrx_word' id='word_1_439' title='bbox 1428 3061 1503 3110; x_wconf 83' lang='lat'>44)</span> <span class='ocrx_word' id='word_1_440' title='bbox 1537 3061 1846 3117; x_wconf 84' lang='lat' dir='ltr'>disputavimus</span> <span class='ocrx_word' id='word_1_441' title='bbox 1879 3065 1931 3106; x_wconf 92' lang='lat' dir='ltr'>de</span> <span class='ocrx_word' id='word_1_442' title='bbox 1962 3067 2091 3109; x_wconf 86' lang='lat' dir='ltr'>omis-</span> 
     </span>
     <span class='ocr_line' id='line_1_40' title="bbox 127 3131 2092 3195; baseline 0.005 -22"><span class='ocrx_word' id='word_1_443' title='bbox 127 3133 247 3175; x_wconf 89' lang='lat' dir='ltr'>sione</span> <span class='ocrx_word' id='word_1_444' title='bbox 278 3132 444 3174; x_wconf 83' lang='lat' dir='ltr'>relativi</span> <span class='ocrx_word' id='word_1_445' title='bbox 474 3133 678 3187; x_wconf 78' lang='lat' dir='ltr'>legitima.</span> <span class='ocrx_word' id='word_1_446' title='bbox 736 3131 936 3187; x_wconf 89' lang='lat' dir='ltr'>Denique</span> <span class='ocrx_word' id='word_1_447' title='bbox 968 3131 1098 3172; x_wconf 83' lang='lat' dir='ltr'>multa</span> <span class='ocrx_word' id='word_1_448' title='bbox 1131 3131 1340 3173; x_wconf 70' lang='lat' dir='ltr'>eiusmodi</span> <span class='ocrx_word' id='word_1_449' title='bbox 1371 3133 1661 3188; x_wconf 87' lang='lat' dir='ltr'>inveniuntur,</span> <span class='ocrx_word' id='word_1_450' title='bbox 1696 3137 1849 3191; x_wconf 85' lang='lat' dir='ltr'>quibus</span> <span class='ocrx_word' id='word_1_451' title='bbox 1881 3146 1953 3179; x_wconf 82' lang='lat' dir='ltr'>aut</span> <span class='ocrx_word' id='word_1_452' title='bbox 1983 3154 2092 3195; x_wconf 88' lang='lat' dir='ltr'>quae</span> 
     </span>
     <span class='ocr_line' id='line_1_41' title="bbox 125 3205 2092 3261; baseline 0.004 -14"><span class='ocrx_word' id='word_1_453' title='bbox 125 3221 204 3247; x_wconf 85' lang='lat' dir='ltr'>nos</span> <span class='ocrx_word' id='word_1_454' title='bbox 239 3205 304 3248; x_wconf 89' lang='lat' dir='ltr'>vel</span> <span class='ocrx_word' id='word_1_455' title='bbox 336 3206 407 3247; x_wconf 88' lang='lat' dir='ltr'>alii</span> <span class='ocrx_word' id='word_1_456' title='bbox 440 3206 685 3248; x_wconf 86' lang='lat' dir='ltr'>coniectura</span> <span class='ocrx_word' id='word_1_457' title='bbox 714 3205 899 3246; x_wconf 83' lang='lat' dir='ltr'>assecuti</span> <span class='ocrx_word' id='word_1_458' title='bbox 932 3218 1110 3256; x_wconf 86' lang='lat' dir='ltr'>eramus,</span> <span class='ocrx_word' id='word_1_459' title='bbox 1145 3205 1378 3258; x_wconf 82' lang='lat' dir='ltr'>probantur</span> <span class='ocrx_word' id='word_1_460' title='bbox 1415 3221 1465 3248; x_wconf 86' lang='lat' dir='ltr'>ac</span> <span class='ocrx_word' id='word_1_461' title='bbox 1496 3209 1812 3261; x_wconf 82' lang='lat' dir='ltr'>confirmantur,</span> <span class='ocrx_word' id='word_1_462' title='bbox 1853 3218 1926 3252; x_wconf 85' lang='lat' dir='ltr'>aut</span> <span class='ocrx_word' id='word_1_463' title='bbox 1962 3214 2092 3255; x_wconf 89' lang='lat' dir='ltr'>corri-</span> 
     </span>
     <span class='ocr_line' id='line_1_42' title="bbox 127 3277 2091 3334; baseline 0.005 -15"><span class='ocrx_word' id='word_1_464' title='bbox 127 3285 283 3333; x_wconf 87' lang='lat' dir='ltr'>guntur</span> <span class='ocrx_word' id='word_1_465' title='bbox 313 3293 479 3320; x_wconf 75' lang='lat' dir='ltr'>errores</span> <span class='ocrx_word' id='word_1_466' title='bbox 509 3286 676 3321; x_wconf 86' lang='lat' dir='ltr'>veteres</span> <span class='ocrx_word' id='word_1_467' title='bbox 710 3278 776 3319; x_wconf 87' lang='lat' dir='ltr'>vel</span> <span class='ocrx_word' id='word_1_468' title='bbox 807 3277 931 3330; x_wconf 87' lang='lat' dir='ltr'>novi,</span> <span class='ocrx_word' id='word_1_469' title='bbox 972 3282 1044 3317; x_wconf 88' lang='lat' dir='ltr'>aut</span> <span class='ocrx_word' id='word_1_470' title='bbox 1080 3277 1179 3317; x_wconf 89' lang='lat' dir='ltr'>novi</span> <span class='ocrx_word' id='word_1_471' title='bbox 1219 3278 1437 3334; x_wconf 88' lang='lat' dir='ltr'>quippiam</span> <span class='ocrx_word' id='word_1_472' title='bbox 1469 3282 1636 3322; x_wconf 86' lang='lat' dir='ltr'>accedit</span> <span class='ocrx_word' id='word_1_473' title='bbox 1671 3282 1725 3322; x_wconf 85' lang='lat' dir='ltr'>ad</span> <span class='ocrx_word' id='word_1_474' title='bbox 1763 3283 1985 3327; x_wconf 78' lang='lat' dir='ltr'>scientiam</span> <span class='ocrx_word' id='word_1_475' title='bbox 2015 3302 2091 3328; x_wconf 88' lang='lat' dir='ltr'>no-</span> 
     </span>
     <span class='ocr_line' id='line_1_43' title="bbox 131 3349 2090 3410; baseline 0.005 -17"><span class='ocrx_word' id='word_1_476' title='bbox 131 3357 276 3393; x_wconf 85' lang='lat' dir='ltr'>stram.</span> <span class='ocrx_word' id='word_1_477' title='bbox 338 3351 399 3393; x_wconf 89' lang='lat' dir='ltr'>Ut</span> <span class='ocrx_word' id='word_1_478' title='bbox 430 3352 583 3408; x_wconf 89' lang='lat' dir='ltr'>quibus</span> <span class='ocrx_word' id='word_1_479' title='bbox 615 3351 825 3407; x_wconf 82' lang='lat' dir='ltr'>exemplis</span> <span class='ocrx_word' id='word_1_480' title='bbox 857 3349 1046 3405; x_wconf 84' lang='lat' dir='ltr'>aspersis</span> <span class='ocrx_word' id='word_1_481' title='bbox 1078 3349 1131 3390; x_wconf 86' lang='lat' dir='ltr'>ad</span> <span class='ocrx_word' id='word_1_482' title='bbox 1162 3366 1202 3405; x_wconf 86' lang='lat' dir='ltr'>p.</span> <span class='ocrx_word' id='word_1_483' title='bbox 1225 3352 1307 3392; x_wconf 83' lang='lat'>683</span> <span class='ocrx_word' id='word_1_484' title='bbox 1338 3352 1567 3395; x_wconf 85' lang='lat' dir='ltr'>illustravit</span> <span class='ocrx_word' id='word_1_485' title='bbox 1596 3361 1638 3396; x_wconf 83' lang='lat' dir='ltr'>ct</span> <span class='ocrx_word' id='word_1_486' title='bbox 1668 3355 1941 3410; x_wconf 86' lang='lat' dir='ltr'>scriptionem</span> <span class='ocrx_word' id='word_1_487' title='bbox 1973 3361 2090 3401; x_wconf 90' lang='lat' dir='ltr'>codi-</span> 
     </span>
     <span class='ocr_line' id='line_1_44' title="bbox 128 3423 2089 3487; baseline 0.004 -22"><span class='ocrx_word' id='word_1_488' title='bbox 128 3439 236 3476; x_wconf 85' lang='lat' dir='ltr'>cum,</span> <span class='ocrx_word' id='word_1_489' title='bbox 274 3425 354 3467; x_wconf 78' lang='lat' dir='ltr'>Wb</span> <span class='ocrx_word' id='word_1_490' title='bbox 402 3426 594 3481; x_wconf 87' lang='lat' dir='ltr'>inprimis</span> <span class='ocrx_word' id='word_1_491' title='bbox 626 3442 675 3467; x_wconf 84' lang='lat' dir='ltr'>ac</span> <span class='ocrx_word' id='word_1_492' title='bbox 707 3424 795 3478; x_wconf 61' lang='lat' dir='ltr'>Sg„</span> <span class='ocrx_word' id='word_1_493' title='bbox 828 3431 870 3464; x_wconf 83' lang='lat' dir='ltr'>et</span> <span class='ocrx_word' id='word_1_494' title='bbox 902 3438 1021 3464; x_wconf 79' lang='lat' dir='ltr'>usum</span> <span class='ocrx_word' id='word_1_495' title='bbox 1054 3423 1272 3464; x_wconf 80' lang='lat' dir='ltr'>formarum</span> <span class='ocrx_word' id='word_1_496' title='bbox 1297 3440 1353 3477; x_wconf 73' lang='lat' dir='ltr'>co,</span> <span class='ocrx_word' id='word_1_497' title='bbox 1376 3442 1461 3478; x_wconf 62' lang='grc' dir='ltr'>«που,</span> <span class='ocrx_word' id='word_1_498' title='bbox 1484 3441 1589 3478; x_wconf 73' lang='lat' dir='ltr'>com3</span> <span class='ocrx_word' id='word_1_499' title='bbox 1622 3442 1729 3482; x_wconf 79' lang='lat' dir='ltr'>quae</span> <span class='ocrx_word' id='word_1_500' title='bbox 1760 3428 1829 3470; x_wconf 86' lang='lat' dir='ltr'>hic</span> <span class='ocrx_word' id='word_1_501' title='bbox 1860 3432 2089 3487; x_wconf 83' lang='lat' dir='ltr'>repetimus</span> 
     </span>
    </p>
   </div>
  </div>
 </body>
</html>
