2336 3736
253 192 337 236 674
398 193 490 234 (639-
508 194 589 233 640)
773 192 848 236 IV.
880 194 919 235 ·2.
965 204 1353 237 PmPosrnonns
1382 204 1704 236 BRITANNIOAE.

364 313 458 368 AT,
489 315 608 358 ATT
630 315 740 370 (ad),
772 316 1035 372 praepositio
1067 316 1280 360 cambrica
1309 317 1415 360 satis
1446 317 1660 373 frequens,
1692 317 1774 359 etsi
1795 316 2031 360 secundum
2051 331 2102 360 ea
2121 331 2230 374 quae

254 382 306 425 de
337 382 491 424 mediis
523 383 733 425 cambrice
763 383 977 426 interdum
1004 385 1420 441 transgredientibus
1458 385 1504 428 in
1532 392 1685 427 tenues
1717 399 1847 440 supra
1877 383 2096 440 disputata
2133 391 2234 443 sunt

252 449 315 505 (p.
347 449 446 504 38),
493 450 779 507 comparanda
814 451 952 494 videri
987 458 1133 508 potest
1170 467 1265 495 cum
1295 458 1402 510 part.
1433 452 1509 495 ad·
1546 453 1593 494 in
1634 451 1887 508 compositis
1917 451 2151 494 hibernicis
2190 459 2233 494 et

253 516 420 572 gallicis
451 518 648 571 vetustis,
678 519 816 561 inficit
843 525 987 562 tamen
1017 534 1231 563 consonas
1262 526 1491 576 sequentes
1524 521 1587 576 (p.
1613 520 1728 574 199).

361 584 587 642 Exempla:
613 602 699 642 gesna
717 587 865 643 ydoetlz
894 586 959 628 kei
985 594 1031 628 at
1049 587 1200 629 arthur
1229 587 1336 642 (tum
1356 589 1476 632 venit
1496 587 1546 632 C.
1579 587 1633 630 ad
1656 587 1727 641 A.)
1747 586 1864 630 Mab.
1890 589 1926 641 1,
1949 587 2016 629 22.
2054 601 2083 642 3]
2103 588 2230 629 cliwe-

247 653 320 708 dyc
347 654 494 695 adoetlc
524 662 585 696 att
615 654 844 696 uatlzolwch
874 653 1072 709 (nuntius
1102 654 1255 698 allatus
1288 663 1354 699 est
1384 657 1439 699 ad
1467 656 1551 712 M.)
1582 657 1620 708 3,
1645 657 1712 698 85.
1749 655 1980 712 gymcltoelut
2007 668 2137 696 aorue
2164 654 2233 695 kei

246 729 290 761 at
315 736 344 776 3]
370 722 681 776 yeclymdeithon
712 722 942 781 ‹irae-helya
972 721 1101 777 (verti
1131 725 1273 780 eoepit
1303 723 1354 768 O.
1387 724 1440 766 ad
1472 724 1616 767 socios
1646 738 1748 766 suos
1769 723 1904 778 retro)
1937 724 1974 776 1,
1998 723 2064 764 24.
2104 718 2230 778 dyuot

244 803 372 829 aot-uc
401 796 463 830 att
483 790 607 830 owein
638 789 778 844 (venit
798 790 852 833 ad
873 789 950 844 O.)
975 792 1012 843 1,
1034 791 1101 833 20.
1140 791 1266 846 dyuot
1295 781 1355 833 αἲε
1382 807 1412 847 y
1430 806 1610 846 vorwy‘n,
1640 798 1702 834 att
1725 806 1779 847 φ·
1805 792 1946 833 iarlles
1975 782 2143 845 (venire
2173 789 2229 832 ad

243 856 440 911 puellam,
473 856 754 913 comitissam)
780 859 814 911 1,
841 860 906 900 15.
932 859 997 901 19.
1031 859 1186 914 ydeuth.
1215 866 1277 900 att
1302 874 1332 916 y
1351 875 1449 901 uam
1472 860 1612 914 (venit
1633 861 1687 903 ad
1707 865 1884 902 matrem
1905 857 2046 914 suam)
2070 858 2107 911 1,
2129 857 2226 901 236.

245 923 341 966 238.
382 938 527 964 nessaeo
558 940 685 966 astruo
714 933 776 967 att
801 940 831 981 3]
857 935 1008 982 ραν-νέα
1037 926 1421 983 (appropinquavit
1451 928 1505 970 ad
1533 927 1702 984 rupem)
1736 929 1773 980 1,
1796 929 1863 970 31.

360 990 468 1034 Cum
489 993 815 1048 pronominibus
837 994 1022 1037 suffixis:
1051 1010 1138 1050 yna
1154 1009 1184 1050 3]
1201 995 1435 1051 qubydafi
1455 997 1510 1052 dy
1530 997 1648 1052 dyfot
1678 996 1803 1037 titheu
1823 994 1942 1047 actast
1962 993 2070 1049 (tum
2091 992 2228 1037 sciam

243 1058 389 1101 venire
419 1064 461 1101 te
493 1061 546 1102 ad
576 1061 667 1115 me)
697 1060 814 1104 Mab.
841 1063 877 1114 1,
904 1063 968 1103 15.
1014 1063 1140 1117 clyuot
1170 1071 1215 1104 tu
1245 1079 1294 1105 ac
1324 1070 1432 1105 attat
1461 1063 1629 1117 (venire
1659 1063 1713 1105 ad
1742 1070 1784 1104 te
1812 1060 1986 1116 versus)
2020 1065 2058 1113 1,
2079 1060 2119 1103 8.
2155 1075 2226 1102 ne-

240 1127 413 1182 yeseawl
450 1128 543 1183 wgffz'
576 1144 606 1184 y
632 1145 718 1185 gran
749 1129 899 1171 arth-ur
929 1137 1034 1172 attat
1073 1129 1296 1184 (mandata
1326 1137 1426 1173 sunt
1454 1130 1559 1173 mihi
1600 1131 1654 1174 ab
1684 1131 1739 1173 A.
1771 1129 1826 1172 ad
1850 1128 1918 1188 ¹te)
1951 1130 1988 1182 1,
2011 1128 2108 1171 260.
2149 1129 2223 1185 dy·-

241 1207 386 1236 nessau
417 1196 674 1237 azoueutlmm
706 1205 831 1238 attaw
862 1196 1228 1253 (appropinquavi
1260 1198 1319 1252 ei)
1355 1200 1390 1251 1,
1414 1198 1452 1242 3.
1498 1199 1626 1254 ἄρτιοί
1654 1212 1783 1241 aoruc
1812 1197 1923 1239 [unet
1952 1195 2227 1252 anei-(venit

239 1260 289 1303 L.
320 1262 376 1304 ad
407 1277 511 1316 eam,
544 1263 831 1319 comitissam)
865 1267 900 1317 1,
927 1267 989 1307 18.
1035 1265 1184 1320 ydoetlt
1214 1265 1410 1307 triclcawr
1441 1267 1596 1323 oyewri
1622 1274 1754 1308 actam
1783 1264 1891 1319 (tres
1922 1263 2120 1320 gigantes
2150 1278 2224 1306 ve-

240 1336 395 1372 nerunt
423 1330 477 1372 ad
504 1330 605 1384 nos)
638 1332 675 1385 2,
699 1333 767 1374 57.
806 1332 946 1386 dycaod
975 1339 1183 1387 αονιιφαηι
1209 1347 1238 1387 y
1270 1332 1329 1373 aa
1360 1341 1499 1375 attunt
1529 1332 1761 1387 (venerunt
1789 1331 1942 1388 copiae
1971 1331 2026 1374 ad
2055 1330 2152 1387 eos)
2186 1333 2222 1384 1,

240 1397 307 1439 25.
348 1413 398 1440 ac
425 1412 448 1438 o
477 1400 564 1440 clau
594 1398 669 1440 neb
700 1399 879 1440 αῑαείῑιηύ
908 1402 1057 1456 (atque
1088 1400 1224 1457 siquis
1256 1401 1423 1443 venerit
1455 1401 1509 1442 ad
1542 1401 1639 1455 eos)
1669 1399 1775 1456 Leg.
1799 1401 1837 1453 2,
1863 1401 1927 1453 11,
1950 1399 2018 1441 22.

353 1463 445 1506 AM
475 1465 578 1522 (pro
611 1465 765 1519 AMM,
797 1467 883 1510 hib.
907 1469 1017 1514 imm,
1049 1468 1183 1521 1ἰηιηιιτ,
1215 1474 1299 1510 vet.
1329 1468 1427 1524 gall.
1451 1467 1578 1520 ambi,
1612 1468 1785 1520 circum,
1813 1466 1941 1520 circa,
1974 1465 2026 1509 cf.
2058 1480 2131 1522 pp.
2153 1465 2222 1508 84.

243 1532 343 1587 147)
374 1547 519 1589 praep.
554 1534 792 1587 cambrica,
824 1550 902 1590 per
932 1550 978 1578 se
1009 1550 1097 1578 non
1129 1546 1281 1579 extans
1313 1536 1485 1579 cornice
1517 1542 1590 1578 aut
1619 1534 1874 1587 aremorice,
1914 1534 2096 1577 alternat
2127 1548 2224 1576 cum

237 1600 342 1651 YM,
375 1601 628 1656 praesertim
658 1601 704 1642 in
733 1602 868 1645 forma
896 1612 1025 1646 aucta
1053 1603 1290 1657 AMDAN,
1323 1604 1558 1647 YMDAN.

350 1667 563 1725 Exempla
601 1685 624 1711 e
654 1668 772 1712 Mab.
811 1669 906 1725 (ubi
946 1673 1168 1716 destitutio
1207 1672 1427 1728 sequentis
1465 1685 1683 1714 consonae
1723 1670 1897 1728 saepius
1934 1669 2218 1726 neglegitur):

238 1736 450 1792 achg'smryt
487 1737 578 1778 &wel
614 1754 641 1778 a
670 1737 802 1779 vlianc
836 1755 959 1796 9142ch
989 1739 1142 1782 aedodz·
1175 1755 1244 1781 am.
1273 1739 1434 1796 vynwyl
1463 1740 1589 1781 owein
1621 1738 1687 1794 (et
1717 1753 1884 1782 sumere
1913 1750 2114 1795 mappam
2143 1737 2220 1780 lini

237 1804 323 1846 albi
360 1819 540 1860 eamque
570 1819 731 1860 ponere
762 1806 922 1848 circum
955 1807 1167 1849 cervicem
1199 1806 1275 1862 O.)
1316 1808 1353 1860 1,
1387 1809 1450 1850 17.
1498 1807 1636 1848 raccac
1672 1821 1745 1849 eur
1775 1821 1846 1848 am
1871 1820 1982 1862 penu
2018 1804 2218 1861 (frontale

235 1887 408 1914 aureum
439 1874 599 1914 circum
630 1874 779 1928 caput)
813 1875 852 1926 l,
875 1874 913 1914 3.
956 1890 1026 1916 am
1053 1890 1082 1930 y
1113 1876 1244 1916 uara-fa
1274 1875 1411 1930 (circa
1441 1886 1598 1930 equum·
1625 1874 1769 1929 suum)
1790 1875 1829 1927 2,
1851 1874 1920 1916 63.
1954 1874 2064 1930 ydem
2094 1888 2216 1915 uren-

234 1939 305 1979 hin
334 1949 598 1996 anese-aymam
631 1950 731 1997 yyy&
767 1942 992 1997 campet-ned
1020 1940 1049 1997 3]
1088 1949 1155 1998 ryt
1202 1941 1309 1997 (duo
1340 1957 1466 1998 reges
1503 1942 1902 1998 appropinquarunt
1938 1940 2064 1984 simul
2102 1940 2218 1984 circa

235 2006 417 2048 medium
448 2008 623 2062 vadum)
656 2009 693 2061 3,
730 2010 794 2051 12.
841 2024 909 2050 am
938 2009 1099 2051 lcannev·
1131 2009 1282 2065 btvytca
1311 2010 1485 2065 amofyn
1516 2024 1644 2052 αονίισ
1681 2024 1710 2065 3]
1736 2024 1827 2065 920¹)-
1864 2008 2001 2065 (circa
2029 2008 2217 2051 medium

236 2074 400 2128 prandii
440 2089 644 2130 quaerere
684 2077 830 2133 coepit
860 2075 944 2131 vir)
988 2078 1024 2129 1,
1062 2079 1126 2119 12.
1182 2079 1294 2119 iawn
1327 2079 1535 2133 ymedrez'e
1572 2079 1590 2118 i
1623 2092 1692 2118 am
1731 2076 1834 2118 bema
1868 2091 1896 2133 3]
1926 2090 2037 2118 carw
2077 2076 2214 2131 (recte

234 2142 437 2184 constitui
474 2158 553 2199 ego
585 2144 700 2186 circa
730 2151 883 2201 caput,
925 2145 977 2187 de
1008 2144 1170 2199 capite,
1208 2144 1346 2199 cervi)
1379 2146 1417 2199 2,
1448 2146 1515 2187 28.
1582 2143 1804 2186 Interdum
1845 2143 1957 2186 idem
1999 2143 2216 2200 significat

233 2209 346 2263 quod
369 2225 511 2265 praep.
542 2226 667 2266 ezggqae·
689 2212 896 2268 (propter,
921 2213 1039 2269 pro):
1064 2214 1225 2269 paleam
1254 2213 1328 2254 heb
1355 2228 1408 2268 3]ι·
1428 2212 1484 2255 lai.
1516 2226 1583 2254 am
1615 2220 1688 2253 nat
1708 2219 1790 2267 wyt
1817 2212 2060 2268 ynemyded
2087 2210 2213 2267 (curP

232 2277 368 2331 inquit
400 2278 487 2319 illa.
518 2278 679 2321 idcirco
711 2280 824 2336 quod
854 2296 940 2324 non
972 2296 1019 2323 es
1041 2295 1177 2338 aeque
1198 2280 1378 2332 nobilis3
1405 2280 1578 2338 paleam,
1611 2294 1651 2334 p.
1675 2278 1779 2333 399)
1810 2279 1849 2332 2,
1877 2280 1940 2320 10.
1978 2295 2005 2321 α
2026 2279 2213 2336 clcymryc

231 2346 357 2385 crescit
387 2346 646 2387 azo-neuthwn
677 2362 746 2388 am
775 2347 915 2404 hyn‘nsy
945 2349 1009 2403 (et
1039 2363 1193 2405 capere
1223 2348 1444 2391 tristitiam
1475 2347 1600 2403 coepi
1629 2355 1809 2403 propter
1838 2346 1940 2402 hoc)
1965 2348 2001 2399 1,
2024 2347 2063 2388 5.
2097 2347 2209 2403 pedlc

231 2413 389 2466 (croysly
418 2427 515 2467 ymy
545 2429 615 2455 am
645 2415 727 2470 Ityn
758 2414 880 2471 (quid
912 2416 1037 2458 dabis
1067 2422 1112 2458 tu
1139 2415 1241 2458 mihi
1273 2431 1349 2472 pro
1371 2415 1502 2470 hoc?)
1535 2415 1640 2470 Leg.
1658 2415 1696 2468 2,
1719 2417 1759 2468 4,
1779 2417 1818 2457 9.
1861 2415 1984 2470 lqyuot
2013 2415 2047 2455 ci
2073 2414 2210 2470 odyna

227 2494 254 2532 3]
275 2480 490 2521 ἰυηειιτΙιω·
518 2482 627 2521 imon
655 2482 748 2538 yom‘
778 2497 847 2524 am
878 2483 933 2538 dy
962 2482 1293 2539 aykenkemdawc
1323 2484 1378 2538 dy
1398 2483 1483 2524 laun
1512 2483 1660 2538 (surge
1680 2489 1726 2525 tu
1745 2482 1848 2525 inde
1868 2481 1920 2524 ad
1942 2480 2209 2524 satisfacien-

229 2547 325 2588 dum
364 2547 469 2590 mihi
506 2563 581 2603 pro
618 2555 691 2591 tua
720 2549 859 2605 ipsius
889 2549 1175 2606 impudentia)
1212 2548 1334 2593 Mab.
1353 2551 1391 2602 2,
1422 2551 1489 2592 65.
1559 2549 1668 2591 Item
1713 2563 1809 2592 cum
1838 2547 2072 2591 infinitivo:
2102 2551 2212 2591 torri

226 2629 255 2669 3]
282 2615 425 2669 yallon
455 2647 464 2656 .
484 2648 492 2655 .
514 2648 523 2656 .
550 2630 620 2656 am
650 2617 759 2657 πνείει
791 2631 822 2671 y
851 2617 993 2672 cledyf
1014 2617 1165 2672 ynllad
1198 2631 1227 2673 3]
1255 2632 1345 2672 wyr
1380 2617 1540 2672 (frangi
1571 2631 1644 2659 cor
1675 2615 1785 2670 eius,
1828 2617 1883 2659 ob
1912 2615 2077 2668 videre,
2108 2615 2210 2672 quia

227 2681 401 2723 videbat
442 2682 629 2736 gladium
667 2683 916 2726 caedentem
956 2684 1093 2739 viros)
1131 2682 1249 2726 Mab.
1280 2685 1319 2735 3,
1349 2684 1416 2726 99.
1485 2683 1716 2726 Adduntur
1755 2682 1929 2739 saepius
1968 2689 2069 2739 post
2095 2683 2206 2727 hanc

230 2749 587 2805 praepositionem
626 2750 694 2791 vel
725 2751 859 2794 subst.
889 2766 997 2806 peren
1031 2751 1229 2808 (caput):
1277 2765 1306 2806 y
1329 2751 1516 2807 pennyal
1544 2752 1649 2792 aoed
1676 2750 1820 2793 amben
1851 2749 1917 2792 kei
1951 2752 2206 2804 (concursus

228 2815 299 2871 qui
332 2822 421 2858 erat
450 2816 607 2858 circum
639 2816 811 2873 Gaium)
843 2817 959 2861 Mab.
991 2820 1026 2870 1,
1049 2818 1146 2861 258.
1191 2833 1276 2874 yny
1306 2818 1374 2859 del
1405 2832 1435 2873 y
1463 2817 1565 2858 iarll
1601 2831 1649 2858 ae
1678 2817 1763 2860 holl
1796 2817 1886 2859 alla
1915 2825 2085 2873 qantaw
2114 2833 2204 2860 am-

224 2897 336 2937 penn
360 2898 388 2937 y
419 2883 469 2925 lle
488 2885 610 2925 hacun
641 2884 799 2939 (donec
831 2886 948 2928 venit
979 2900 1121 2928 comes
1152 2886 1331 2941 eiusque
1363 2884 1503 2926 omnis
1535 2891 1728 2939 potestas
1759 2899 1854 2926 cum
1876 2898 1926 2927 eo
1958 2884 2073 2928 circa
2091 2884 2204 2928 hunc

229 2949 387 3003 locum)
430 2952 464 3001 1,
495 2952 599 3003 2523
647 2952 713 2994 vel
742 2967 888 3009 praep.
921 2960 993 2994 tan
1023 2953 1167 3008 (sub):
1207 2954 1366 3008 ymclan
1392 2967 1421 3008 y
1451 2953 1598 3004 uara-h,
1625 2953 1783 3007 ymdan
1810 2962 1840 3007 y
1867 2951 1994 2993 varoli
2023 2951 2202 3007 (circum

226 3016 318 3059 eius
350 3017 525 3073 equum)
561 3022 595 3071 1,
621 3020 714 3060 264.
738 3019 835 3062 279.
858 3020 952 3061 294.
986 3021 1023 3073 2,
1055 3021 1156 3072 388;
1192 3021 1228 3073 1,
1259 3020 1354 3062 282.
1400 3020 1560 3075 ymdan
1590 3033 1639 3060 eu
1668 3019 1821 3061 meirclz
1856 3019 2038 3075 (circum
2068 3033 2201 3075 equos

227 3083 396 3139 eorum)
428 3086 465 3137 2,
490 3086 556 3127 38.
593 3088 717 3141 ywtsc
745 3087 903 3140 ymdan
932 3102 960 3142 3]
988 3101 1186 3142 ρων-(19ης
1216 3087 1308 3128 hum
1339 3086 1485 3142 (vesti,
1519 3101 1635 3129 arma
1664 3086 1778 3131 hunc
1799 3086 2199 3143 adulescentulum),

225 3167 250 3191 a
281 3152 391 3191 dev-w
420 3152 493 3192 heb
523 3152 573 3207 es
590 3155 747 3207 ymclan
775 3169 803 3208 3]
821 3168 1021 3210 quurayuc
1040 3154 1200 3197 Itwnnw
1229 3154 1372 3209 (estne
1393 3155 1581 3208 indutus,
1611 3154 1822 3210 inquitis,
1853 3153 2199 3198 adulescentulus

225 3218 297 3260 ille
310 3218 349 3272 ?)
383 3221 421 3271 3,
445 3220 540 3260 ⁶205.
563 3221 658 3262 206.
699 3222 847 3277 αρωῑζςο
874 3223 1033 3278 ymclan
1059 3236 1089 3277 3]
1106 3236 1198 3278 ywr
1228 3236 1250 3263 o
1268 3222 1362 3277 pali
1389 3222 1484 3264 cocle.
1513 3221 1578 3278 (et
1606 3222 1743 3265 vestis
1774 3223 1889 3265 circa
1916 3223 2053 3266 virum
2083 3238 2106 3265 e
2128 3237 2197 3266 se-

222 3285 311 3326 rico
344 3286 489 3340 rubro)
529 3288 566 3338 2,
591 3288 688 3329 376.
746 3287 1082 3331 Praemittuntur
1113 3289 1221 3332 aliae
1250 3289 1614 3345 praepositiones,
1656 3290 1812 3346 quibus
1840 3289 1968 3333 modo
2004 3290 2079 3332 vix
2106 3305 2197 3332 mu·

221 3359 335 3395 tatur
364 3354 635 3410 significatio,
669 3357 797 3399 modo
828 3362 969 3400 certus
1001 3356 1173 3414 quidam
1204 3371 1359 3400 sensus
1389 3357 1589 3401 efficitur:
1621 3358 1737 3400 diam
1752 3372 1783 3414 3]
1802 3372 1895 3401 cam
1922 3356 1997 3412 (de
2025 3357 2195 3410 iniuria,
