2336 3736
238 219 318 262 784
363 220 454 259 (746-
473 216 553 258 74⁷)
598 213 651 257 V.
687 217 721 256 1.
765 225 1013 256 nnva'rxo
1042 225 1237 257 <mucii
1267 226 1326 256 m·
1354 227 1600 259 meatuum
1632 225 1924 257 smnm‘rmm.

351 340 470 384 OV-:
514 336 718 389 Vinovia,
757 336 1126 380 Durocornovium
1146 337 1294 393 (Brit.)
1323 338 1422 381 Itin.
1450 340 1553 381 Ant.
1609 331 1895 380 Οὗιννοούιον
1924 338 2044 394 (opp.
2072 336 2210 393 Brit),

241 407 486 461 Σελγοοῦαι
517 405 637 462 (pop.
672 402 793 457 Brit.)
825 403 932 446 Ptol.
991 403 1225 461 Gergovia,
1257 405 1441 449 Lexovii
1473 405 1597 450 Caes.
1664 403 1839 460 Segovii
1869 403 2003 447 Inscr.
2035 404 2211 459 (Gluck.

237 492 277 534 p.
304 473 417 529 190).
464 472 658 528 Segovia
686 470 797 513 Plin.
829 470 930 513 Flor
974 471 1072 514 Itin.
1104 474 1208 515 Ant.
1255 472 1410 525 Καρτα
1435 468 1835 519 Βιδιλλανουιακος
1868 473 1895 513 i.
1919 487 1956 514 e.
1980 471 2214 514 Bidillano-

238 545 373 585 viacoe
401 540 540 583 Inscr.
570 538 744 595 (Pictet,
777 539 915 581 Nouv.
938 539 1060 593 Ess.)
1104 539 1300 582 Luxovio
1332 538 1467 582 Inscr.
1501 539 1633 583 Orell.
1657 539 1781 581 2024.
1826 538 2067 582 Luxovium
2099 539 2212 593 (mo-

238 617 368 662 nast.,
407 608 504 651 hod.
535 606 718 648 Luxeuil
756 606 811 649 ad
848 605 1029 662 Vosag.)
1069 606 1251 663 Fredeg.
1296 614 1338 649 et
1374 609 1474 649 Act.
1504 605 1584 651 SS.
1638 605 1940 649 Luxoviensis
1981 607 2213 663 episcopus

237 677 469 722 Aetherius
499 673 617 728 (hod.
649 672 830 716 Lisieux
857 673 902 716 in
933 673 1190 729 Normann.)
1220 673 1350 729 Greg.
1375 672 1475 730 Tur.
1498 674 1537 726 6,
1561 673 1629 717 36.

353 742 457 787 UV-
486 742 688 799 (fortasse
717 756 744 783 a
773 741 957 798 simplici
987 757 1009 783 v
1037 741 1273 799 profectio:
1303 740 1529 784 Danuvius
1549 739 1687 782 Inscr.
1718 739 1841 784 Grut.
1864 741 1962 794 448,
1985 742 2024 784 3.
2055 743 2152 796 490,
2174 742 2215 784 2.

239 814 372 858 Orell.
393 811 490 855 648.
519 809 631 853 Plin.
651 808 752 853 Tac.
785 808 921 865 (Anu.
944 809 983 863 2,
1006 810 1073 851 63.
1103 810 1142 861 4,
1167 811 1207 850 5.
1238 808 1353 851 Hist.
1375 809 1416 861 3,
1437 807 1530 863 46.)
1588 807 1855 852 Dexuviates
1886 808 1978 864 (vel
1998 808 2213 852 Desuvia-

242 881 330 938 tes)
358 879 471 923 Plin.
494 879 532 931 3,
555 878 597 931 4,
618 880 659 920 5.

355 947 416 992 Ut
444 961 520 988 -αα
561 952 603 989 et.
632 945 696 986 —iu
724 943 865 987 locum
895 944 1090 987 obtinent
1119 942 1434 986 derivationum
1462 944 1599 997 -avz‘a,
1638 945 1740 985 -ivio
1778 943 1824 986 in
1853 943 2080 987 cambricis
2110 943 2215 984 libau

245 1017 313 1075 (ιτ-
332 1012 547 1069 Letavia),
579 1013 678 1055 lisia
707 1011 767 1066 (τι
798 1011 1012 1064 lixivium3
1052 1010 1105 1054 cf.
1136 1026 1177 1068 p.
1204 1009 1318 1066 129),
1348 1009 1409 1052 ita
1438 1010 1611 1054 eaedem
1642 1009 1918 1053 inveniuntur
1945 1010 1992 1052 in
2020 1009 2215 1068 plurimis

243 1081 488 1128 nominibus
517 1080 727 1133 locorum,
759 1094 964 1138 pagorum
994 1077 1177 1129 Galliae,
1209 1078 1250 1119 in
1285 1077 1444 1120 chartis
1475 1077 1544 1121 vel
1573 1077 1788 1121 chronicis
1817 1077 1948 1121 medii
1978 1075 2087 1120 aevi.

353 1148 463 1194 AU:
507 1148 662 1202 Calan,
693 1146 825 1191 Bisau
852 1145 1024 1203 Polypt.
1055 1146 1204 1189 Irmin.
1234 1162 1305 1202 pp.
1338 1145 1403 1188 79.
1439 1146 1531 1187 133.
1564 1146 1657 1187 146.
1714 1143 1876 1188 Peciau
1911 1145 2015 1188 ibid.
2045 1159 2088 1200 Ρ.
2123 1144 2214 1186 128.

243 1218 505 1275 Significans
535 1216 752 1273 regionem
781 1229 806 1257 e
835 1214 1005 1257 nomine
1038 1213 1156 1256 fluvii
1186 1213 1232 1255 in
1262 1229 1330 1255 -az
1372 1213 1416 1255 in
1447 1227 1559 1269 pago
1588 1210 1741 1255 Tellau
1769 1212 1889 1255 iuxta
1916 1210 2072 1255 fluvios
2092 1211 2217 1255 Tella

241 1294 284 1331 et
314 1285 534 1338 Warinna,
568 1283 674 1327 Boll.
704 1285 812 1339 Apr.
835 1283 875 1333 2,
895 1283 989 1324 217.
1023 1281 1068 1323 in
1098 1296 1210 1338 pago
1242 1280 1392 1323 Tellau
1421 1279 1542 1322 iuxta
1570 1278 1726 1322 fluvios
1748 1278 1894 1323 Tellas
1925 1285 1969 1323 et
1990 1279 2212 1333 Warinna,

239 1354 405 1398 Mabill.
429 1368 540 1397 saec.
564 1354 602 1394 3.
632 1352 673 1404 2,
696 1351 792 1394 464.
821 1348 990 1393 D'Ach.
1023 1351 1062 1402 2,
1085 1349 1180 1391 272.
1211 1348 1256 1390 in
1286 1363 1398 1405 pago
1420 1346 1582 1399 Tellao,
1614 1346 1777 1400 Tehau,
1809 1347 1914 1404 dipl.
1943 1362 1982 1390 a.
2005 1348 2100 1389 709.
2120 1348 2214 1399 751,

241 1423 405 1466 Mabill.
438 1437 508 1478 pp.
529 1420 626 1462 482.
649 1419 746 1461 490.
795 1417 839 1460 in
869 1432 983 1474 pago
1016 1415 1197 1459 Vimnau
1228 1430 1357 1471 super
1387 1414 1517 1458 fluvio
1552 1413 1735 1467 Vimina,
1767 1413 1936 1458 D'Ach.
1970 1416 2008 1467 2,
2031 1414 2128 1456 275.
2170 1413 2215 1457 in

242 1506 351 1548 pago
390 1489 597 1541 Vimnau,
636 1485 739 1542 dipl.
769 1499 809 1528 a.
839 1487 942 1537 775,
983 1483 1149 1528 Mabill.
1188 1498 1230 1540 p.
1253 1483 1349 1525 498.
1395 1483 1441 1525 in
1470 1497 1583 1539 pago
1614 1481 1825 1536 Witmau,
1864 1481 2007 1525 Pertz.
2051 1482 2216 1536 1,1520.

241 1558 373 1615 Apud
411 1555 592 1611 Gregor.
632 1553 810 1596 Turon.:
859 1551 1014 1595 Berrao
1054 1551 1176 1594 vicus
1218 1551 1282 1603 10,
1312 1551 1379 1593 31.
1402 1551 1447 1602 6,
1495 1549 1573 1593 sed
1617 1550 1851 1593 accedente
1895 1548 2213 1592 terminatione:

245 1624 522 1668 Berravensis
553 1636 691 1680 pagus
723 1622 763 1674 6,
790 1621 855 1662 12.

355 1691 441 1735 IU:
473 1690 604 1734 Basiu
634 1689 698 1745 (ιι-
717 1686 942 1742 Bacivum)
972 1685 1137 1729 Mabill.
1170 1685 1273 1742 dipl.
1303 1699 1346 1742 p.
1368 1684 1464 1737 250,
1496 1683 1641 1737 Bacio,
1673 1699 1699 1728 a
1736 1685 1832 1736 716,
1859 1682 2024 1727 Mabill.
2054 1698 2097 1740 Ρ.
2118 1683 2215 1727 485.

243 1760 403 1814 Sithiu,
435 1757 573 1801 Sitdiu
604 1754 949 1813 (monasterium)
989 1770 1057 1811 ap.
1088 1753 1229 1796 Pertz.
1261 1759 1304 1795 et
1330 1752 1376 1795 in
1406 1751 1585 1794 chartul.
1629 1751 1888 1801 Ssthivensi,
1920 1752 1985 1796 ed.
2008 1750 2216 1795 Guerard.

244 1827 403 1881 Uallia,
433 1825 536 1884 dipl.
557 1840 594 1869 a.
618 1825 713 1877 799,
744 1821 909 1866 Mabill.
932 1837 971 1878 p.
996 1822 1092 1864 503.
1124 1820 1244 1863 missi
1273 1820 1319 1862 in
1339 1817 1503 1872 Tellau,
1536 1818 1706 1873 Vitnau,
1737 1819 1911 1873 Pontiu,
1941 1818 2096 1862 Miraei
2118 1833 2215 1874 opp.

244 1912 286 1954 p.
309 1896 405 1939 340.
437 1894 489 1937 dc
519 1907 631 1951 pago
661 1890 834 1944 Pontiu,
865 1889 1030 1933 Mabill.
1065 1888 1165 1945 dipl.
1197 1904 1269 1946 pp.
1290 1888 1388 1931 393.
1417 1889 1514 1929 520.
1559 1886 1752 1941 Madriu,
1783 1887 1887 1944 dipl.
1917 1902 1956 1930 a.
1980 1888 2082 1939 775,
2124 1886 2218 1930 Ma-

245 1964 334 2008 bill.
363 1978 403 2020 p.
425 1962 521 2004 498.
571 1958 742 2012 Mairiu,
774 1973 811 2000 a.
835 1958 929 2007 832,
961 1956 1125 2000 Mabill.
1148 1957 1245 1999 5:20.
1267 1956 1363 1999 536.
1422 1954 1552 1997 Addo
1582 1969 1729 1998 vocem
1761 1955 1882 1996 silvia
1913 1954 2058 2011 (quasi
2087 1953 2218 1997 latine

245 2033 411 2075 dicatur
438 2030 664 2081 silvistum,
696 2042 827 2084 germ.
860 2035 999 2078 streu,
1032 2024 1145 2081 quod
1176 2024 1462 2067 substernitur
1490 2022 1637 2079 pecori
1669 2022 1721 2064 de
1752 2022 1862 2065 silva
1891 2021 2163 2077 collectum?)
2195 2037 2217 2064 e

246 2099 420 2156 diplom.
453 2113 489 2139 a.
512 2098 615 2139 917:
646 2097 699 2138 de
728 2100 901 2136 moneta
931 2099 973 2134 et
1003 2092 1258 2134 molendinis
1291 2098 1333 2132 ot
1362 2090 1524 2134 cambis
1556 2090 1609 2133 de
1630 2091 1772 2147 pontis
1804 2105 1973 2147 quoque
2004 2090 2218 2132 censubus

249 2174 291 2210 et
335 2166 387 2209 de
428 2165 550 2207 silvis
588 2165 702 2221 quod
743 2162 872 2217 etiami
907 2160 1056 2201 rustice
1092 2160 1246 2201 dicitur
1286 2159 1407 2200 silvia
1452 2166 1495 2200 et
1525 2172 1720 2215 quaeque
1750 2157 1964 2214 pertinent
2006 2157 2059 2199 ad
2090 2173 2219 2214 supra

252 2234 407 2277 dictam
437 2232 579 2275 villam
609 2237 703 2283 etc„
737 2238 780 2272 et
810 2246 833 2272 e
864 2228 966 2284 dipl.
999 2242 1036 2269 a.
1059 2228 1163 2270 919:
1195 2242 1351 2269 nonam
1381 2232 1545 2283 partem
1574 2226 1619 2268 in
1639 2239 1822 2278 annona,
1853 2224 1965 2279 feno,
1997 2225 2216 2281 segalibus

249 2310 291 2344 et
320 2302 372 2344 de
402 2300 483 2343 hoc
515 2299 628 2355 quod
657 2299 805 2340 rustice
835 2296 991 2338 dicitnr
1016 2295 1139 2335 silvia
1167 2309 1249 2338 nec
1276 2309 1364 2337 non
1395 2292 1521 2336 etiam
1552 2293 1605 2334 de
1628 2291 1833 2334 hostilitio
1855 2298 2017 2345 nostro,
2047 2291 2215 2335 Mabill.

250 2370 351 2426 dipl.
384 2384 455 2425 pp.
486 2368 581 2409 562.
606 2366 702 2408 563.
774 2363 1019 2406 Accedente
1054 2362 1350 2405 terminatione
1381 2367 1482 2403 sunt
1508 2360 1669 2402 formae
1708 2367 1753 2400 ut
1782 2373 1932 2414 supra:
1969 2360 2013 2400 in
2046 2358 2216 2409 Bacivo,

248 2436 352 2494 dipl.
385 2452 420 2478 a.
446 2435 539 2486 716,
571 2432 736 2475 Mabill.
758 2448 798 2487 p.
822 2433 918 2472 485.
950 2443 1093 2472 comes
1113 2427 1403 2480 Pontivensis‚
1436 2427 1538 2483 dipl.
1571 2442 1605 2469 a.
1635 2426 1741 2469 1066
1773 2441 1839 2483 ap.
1863 2426 2028 2469 Mabill.
2059 2441 2100 2482 p.
2117 2426 2216 2468 586.

247 2504 291 2548 in
322 2517 477 2562 pagum
507 2500 751 2552 Pontivum‚
786 2499 837 2540 de
867 2511 979 2554 pago
1008 2495 1208 2551 Pontivo,
1239 2497 1344 2541 Boll.
1375 2493 1516 2552 April.
1553 2497 1587 2547 1,
1611 2498 1677 2537 25.
1709 2493 1791 2535 lul.
1812 2497 1852 2549 5,
1875 2495 1971 2537 287.

354 2703 658 2746 'Hibernica
698 2700 735 2744 V
777 2700 976 2744 derivans
1015 2697 1247 2740 secundum
1287 2711 1357 2752 ea,
1395 2711 1505 2754 quae
1545 2711 1676 2752 supra
1710 2710 1783 2752 pp.
1816 2697 1984 2737 54--58
2023 2695 2219 2751 exposita

249 2776 370 2821 sunt,
407 2770 492 2812 nisi
524 2778 623 2826 post
653 2770 699 2820 d,
730 2788 781 2819 u,
811 2769 844 2819 l,
871 2782 898 2807 -r
934 2789 989 2795 -—-
1026 2773 1125 2821 post
1155 2779 1260 2820 quas
1293 2765 1316 2805 b
1346 2764 1549 2820 scriptam
1591 2778 1689 2806 esse
1718 2778 1742 2803 υ
1779 2762 2035 2819 primitivam
2072 2762 2218 2804 formis

248 2837 499 2882 britannicis
544 2837 763 2886 docemur,
810 2842 854 2877 ut.
890 2834 934 2875 in
960 2832 1068 2887 fed&
1105 2832 1297 2888 (vidua),
1346 2832 1452 2873 bamb
1492 2831 1630 2885 (sus),
1676 2829 1757 2871 selb
1795 2828 2082 2885 (possessio),
2128 2830 2219 2871 delo

251 2904 447 2959 (imago),
476 2904 568 2947 ίαν-ὸ
589 2903 791 2959 (taurus),
825 2901 941 2942 ,narb
961 2898 1209 2955 (mortuus),
1242 2901 1333 2940 sev-b
1355 2897 1566 2955 (amarus)
1592 2923 1643 2928 --
1677 2904 1848 2940 servata
1875 2911 1961 2937 non
1992 2897 2218 2938 invenitur.

252 2972 387 3014 Periit
416 2972 545 3028 igitur
582 2978 680 3028 post
709 2977 876 3012 ceteras
905 2982 1118 3010 consonas
1156 2982 1302 3009 omnes
1343 2972 1389 3007 ut
1417 2974 1515 3022 post
1544 2981 1565 3006 e
1594 2964 1639 3007 in
1670 2965 1734 3006 ech
1768 2963 1968 3018 (equus),
2008 2963 2219 3005 interdum

256 3055 339 3083 una
368 3055 463 3082 cum
490 3039 627 3081 vocali
659 3039 941 3080 antecedente
970 3042 1017 3077 ut
1046 3036 1091 3077 in
1121 3037 1163 3075 έι·
1192 3034 1363 3091 (mors),
1396 3035 1475 3085 des,
1508 3035 1596 3073 deso·
1617 3030 1807 3087 (dexter)
1838 3037 1985 3072 contra
2020 3030 2112 3072 brit.
2143 3047 2220 3072 an-

251 3122 345 3159 con,
387 3107 516 3148 <lernou
553 3113 595 3148 et.
624 3106 721 3161 gall.
760 3104 960 3156 Damna,
1003 3110 1046 3146 ut
1077 3103 1119 3144 in
1151 3100 1428 3157 transumptis
1457 3100 1561 3155 posit
1602 3098 1858 3156 (positivus)
1899 3105 2002 3147 etc.;
2041 3097 2220 3140 eandem

252 3182 350 3230 post.
379 3174 549 3217 vocales
581 3180 709 3215 totam
740 3171 917 3228 perisse,
948 3170 1065 3212 nullo
1096 3170 1177 3211 ,nisi
1214 3170 1255 3210 in
1278 3169 1541 3225 diphthongo
1572 3184 1627 3209 cm
1660 3166 1724 3207 vel
1751 3165 1970 3208 vocalibus
2002 3164 2220 3221 productis

252 3245 286 3294 ό,
318 3243 345 3282 22
374 3241 557 3297 vestigio
597 3240 765 3293 relicto,
805 3238 1188 3282 demonstravimus
1221 3236 1426 3293 exemplis
1457 3243 1556 3276 tame
1588 3232 1791 3288 (tenuis),
1824 3249 1923 3282 naa,
1955 3234 2026 3273 ndi
2056 3231 2220 3287 (navis)

253 3324 303 3352 ac
332 3316 596 3367 transumpto
627 3308 691 3349 ola
730 3305 945 3363 (olivum).
1010 3304 1156 3358 Quare
1194 3303 1416 3347 hibernica
1446 3319 1474 3344 v
1514 3302 1712 3345 derivans
1752 3301 2016 3356 comprobari
2074 3297 2222 3354 nequit

252 3376 337 3419 nisi
367 3375 617 3419 britannicis
648 3373 841 3418 dialectis
870 3373 1139 3429 comparatis.
