2336 3736
809 250 1066 282 marano
1096 251 1335 284 Auca-oms.
1495 239 1863 288 (XXXI-XXXIII>
1893 243 2058 287 XXIII

92 377 190 406 cum
217 362 391 405 morbus
421 361 579 419 typhus
612 362 849 405 invasisset
878 363 1106 417 civitatem,
1139 364 1262 407 cuius
1291 364 1387 421 ipse
1416 365 1553 421 prima
1580 366 1741 411 indicia
1771 370 1962 413 sentiens
1981 370 2060 413 AJ-
2124 395 2129 399 ·

91 437 210 493 pium
248 435 460 479 saniorem
498 442 599 479 aera
635 441 781 493 petere
819 442 993 479 coactus
1025 449 1128 480 sum.
1189 437 1400 491 Quamvis
1431 453 1531 495 ergo
1561 455 1648 482 non
1677 446 1725 482 nt
1755 448 1846 484 erat
1874 443 1920 486 in
1949 444 2060 487 votis

92 516 349 552 consecutus
388 508 464 551 sim
505 524 675 551 omnem
712 524 823 562 rem,
864 523 951 552 non
989 510 1095 552 satis
1127 525 1302 565 possum
1330 510 1531 554 laudibus
1570 513 1719 556 efferre
1758 514 2060 560 humanitatem

91 587 135 624 et
153 581 493 625 benevolentiam
516 581 561 624 in
581 597 647 624 me
667 589 754 624 tam
774 582 1082 638 praefectorum
1104 583 1403 636 bibliothecae,
1433 598 1557 640 quam
1579 587 1746 639 comitis
1767 587 2061 643 Castilionaei,

92 654 276 698 virorum
296 654 766 711 praestantissimorum
797 660 839 698 et
863 654 1220 699 doctissimorum.
1280 656 1398 699 Huic
1426 656 1536 701 libro
1567 658 1603 701 si
1624 659 1807 706 fortasse
1836 663 2065 719 contigerit

93 728 286 772 secunda
316 727 460 780 editio,
494 736 618 784 spero
649 743 736 770 non
767 728 964 772 defutura
1000 743 1081 772 nec
1111 728 1218 772 haec
1246 729 1607 785 Mediolanensia,
1637 748 1719 777 nec
1749 749 1859 791 quae
1891 751 2063 778 servan-

92 808 160 844 tur
192 802 418 857 Augustae
454 799 756 854 Taurinorum,
801 801 984 844 collecta
1027 803 1080 845 ab
1116 804 1170 845 Α.
1208 801 1398 858 Peyron,
1442 804 1532 846 viro
1573 805 1811 854 clarissimo
1858 808 1932 863 (cf.
1972 809 2062 853 Cic.

92 874 237 931 fragm.
272 874 387 918 ined.
426 889 498 931 pp.
538 875 630 916 191.
672 873 801 929 192),
849 890 974 931 quam
1009 875 1226 919 civitatem
1267 891 1334 929 re,
1385 877 1438 919 ob
1477 891 1602 933 quam
1640 879 1846 935 adieram,
1893 882 2065 924 omnino

92 946 329 990 infectareli
354 946 439 1003 qui.
908 1004 911 1007 ἱ

206 1022 247 1062 4.
290 1019 441 1063 Codex
470 1020 757 1063 bibliothecae
780 1019 1121 1071 Carlisruhensis
1153 1023 1216 1077 (n.
1236 1023 1306 1075 83,
1334 1022 1410 1066 Cr.
1432 1024 1478 1066 in
1497 1024 1580 1067 hoc
1600 1026 1764 1082 opere),
1794 1027 1903 1070 liber
1934 1043 2068 1085 quon-

95 1094 195 1136 dam
225 1092 472 1136 monasterii
501 1093 672 1148 Augias
704 1094 877 1138 maioris
907 1095 948 1137 in
981 1095 1077 1138 lacu
1108 1095 1342 1138 Bodamico
1374 1094 1524 1152 (germ.
1557 1096 1847 1154 Reichenau),
1886 1101 2069 1158 inscrip-

94 1175 182 1210 tus:
234 1161 492 1223 ‘Computus
530 1166 583 1209 de
614 1167 749 1222 signis
780 1166 871 1209 XII
902 1175 945 1210 et
972 1168 1303 1211 intervallorum.
1363 1169 1574 1213 Beda'de
1612 1170 1777 1214 ratione
1806 1169 2065 1229 temporum?

96 1240 233 1285 Multo
263 1240 469 1282 minorem
498 1240 584 1282 iam
613 1240 830 1283 materiam
861 1247 1052 1296 praestat
1082 1256 1206 1298 quam
1227 1242 1399 1285 codices
1430 1249 1528 1285 ante
1550 1244 1664 1297 dicti,
1695 1241 1898 1288 maiorem
1927 1253 2068 1290 tamen

97 1328 223 1371 quam
252 1328 351 1356 mox
380 1312 491 1355 infra
520 1320 763 1370 sequentes.
814 1312 1002 1357 Glossae
1031 1313 1277 1363 hibernicae
1306 1316 1639 1371 interpretantur
1659 1324 1819 1361 text-um
1839 1319 1986 1362 Bedae
2017 1322 2070 1364 de

104 1403 242 1430 rerum
270 1392 426 1429 natura
462 1392 506 1428 et
535 1386 588 1428 de
618 1393 854 1442 temporum
884 1385 1063 1430 ratione.
1122 1386 1387 1444 Incipientes
1425 1405 1452 1431 a
1481 1405 1523 1447 p.
1550 1391 1600 1433 18
1633 1391 1805 1446 glossae
1842 1393 1888 1435 in
1917 1394 2071 1436 librum

102 1460 284 1518 priorem
316 1459 555 1516 procedunt
582 1474 718 1515 usque
749 1460 803 1503 ad
825 1459 906 1502 20¹².
967 1459 1074 1504 Post
1102 1461 1222 1504 locos
1254 1462 1461 1517 quosdam
1490 1462 1730 1506 libellorum
1751 1464 1894 1509 Bedae
1926 1467 1979 1510 de
2010 1468 2072 1509 lo-

102 1534 229 1591 quela
258 1533 486 1588 digitorum
518 1532 605 1588 (ed.
637 1530 767 1574 Basil.
805 1534 838 1585 1,
874 1533 975 1587 165)
1017 1540 1060 1576 et
1088 1534 1142 1577 de
1170 1534 1336 1577 ratione
1367 1536 1585 1578 unciarum
1617 1536 1703 1591 (ed.
1734 1537 1869 1581 Basil.
1904 1542 1939 1592 1,
1972 1538 2073 1594 182)

101 1606 238 1650 obiter
266 1612 406 1650 tactos
444 1606 488 1647 in
520 1607 588 1648 24⁶
620 1612 662 1647 et
692 1608 783 1659 25⁸,
822 1606 1014 1662 sequitur
1051 1606 1258 1662 glossatio
1298 1607 1341 1649 in
1380 1609 1529 1652 codice
1561 1611 1808 1654 continuata
1837 1628 1862 1654 a
1892 1613 1969 1655 col.
2005 1613 2075 1655 31¹³

102 1695 237 1736 usque
269 1678 324 1721 ad
350 1681 420 1721 45⁰
451 1679 494 1721 in
527 1679 678 1722 librum
711 1680 763 1721 de
784 1685 1021 1735 temporum
1052 1679 1228 1734 ratione,
1262 1688 1305 1722 et
1324 1681 1579 1725 luculentior
1610 1683 1782 1739 quidem
1811 1684 1911 1727 inde
1934 1701 1959 1727 a
1980 1701 2073 1743 cap.

101 1752 184 1795 XV
217 1753 304 1807 (ed.
326 1752 459 1795 Basil.
493 1753 532 1805 ⁸2,
556 1753 645 1805 95),
677 1752 752 1795 sed
774 1751 980 1795 deficiens
1011 1753 1215 1810 deinceps
1247 1754 1289 1795 in
1312 1755 1622 1811 posterioribus
1655 1757 1878 1814 capitibus.
1938 1758 1989 1801 In
2009 1760 2073 1803 fo-

100 1825 170 1870 liis
201 1826 350 1883 primis
384 1824 547 1868 codicis
576 1840 698 1867 rarae
730 1831 830 1868 sunt
859 1825 1158 1869 adnotationes
1189 1826 1453 1881 hibernicae,
1492 1828 1536 1871 in
1567 1832 1606 1871 4³·
1650 1830 1695 1872 in
1724 1832 1917 1887 margine
1949 1848 2075 1890 supe-

99 1899 229 1943 riore:
268 1898 298 1955 †
318 1897 557 1955 oenqu880†
587 1898 704 1954 (gen.
737 1914 846 1941 nom.
881 1915 942 1956 pr.
976 1915 1144 1956 cercyna,
1176 1915 1280 1942 num
1311 1901 1479 1957 signum
1511 1901 1705 1959 Oengusi
1739 1904 1980 1960 scriptoris,
2022 1923 2076 1949 an

103 1972 250 2015 mortis
283 1973 489 2015 indicatio
501 1972 555 2028 Ρ),
588 1978 631 2015 et
651 1971 734 2014 alia
765 1971 972 2015 eiusmodi
1003 1973 1048 2015 in
1069 1973 1150 2016 col.
1176 1975 1258 2016 17⁵:
1291 1974 1465 2030 Auyust.
1501 1976 1547 2027 ιβ
1568 2009 1577 2017 .
1597 2010 1606 2019 .
1630 2007 1637 2016 .
1663 1976 1686 2018 b
1707 1977 1761 2019 db
1789 1994 1818 2019 u
1845 1978 1915 2019 ba's
1946 1981 2077 2020 muir-

99 2045 244 2088 chacho
276 2059 330 2087 m.
360 2045 590 2087 mailedzzz'n
626 2045 811 2087 Im'oluain
845 2061 898 2087 m.
932 2047 1074 2088 camois·
1111 2047 1447 2090 ‹iz‘mdachiarain
1482 2063 1536 2092 ..αι
1568 2065 1688 2091 anno.
1761 2049 2078 2107 Chronologica

103 2119 282 2176 amplior
309 2119 380 2162 de
418 2119 605 2162 dictione
637 2113 778 2161 ‘salva
813 2118 978 2161 ratione
1015 2115 1163 2162 ,saltus'
1207 2120 1337 2162 obvia
1380 2121 1423 2162 in
1464 2121 1504 2164 3».
1544 2123 1737 2178 sequitur
1773 2123 1884 2165 infra
1920 2125 1964 2166 in
2001 2141 2077 2182 ap-

102 2193 296 2250 pendice.

217 2265 330 2310 Esse
359 2266 474 2309 hunc
505 2265 699 2308 codicem
728 2265 901 2308 saeculo
923 2271 1074 2308 octavo
1103 2265 1279 2309 finiente
1309 2268 1380 2309 vel
1407 2283 1520 2310 nono
1542 2269 1776 2325 incipiente
1806 2269 1858 2311 ab
1882 2269 2079 2318 Hiberno

106 2341 150 2383 in
181 2338 416 2383 Germania
445 2338 664 2395 scriptum,
694 2345 813 2395 patet
843 2353 866 2381 e
896 2338 1189 2382 notationibus
1219 2338 1287 2382 his
1318 2340 1632 2397 chronologicis
1664 2342 1707 2383 in
1738 2357 1781 2400 p.
1808 2344 1893 2385 15·:

308 2411 516 2454 DCCLX
526 2410 610 2453 VII
631 2411 801 2453 karolus
832 2409 857 2452 7
885 2411 1205 2453 karolomannus
1233 2413 1440 2469 eliquatur
1468 2414 1513 2455 in
1543 2429 1714 2470 reynum

309 2482 514 2527 DCCLX
525 2482 656 2526 VIIII
675 2483 996 2526 karolomannus
1024 2486 1201 2529 moritur

310 2555 595 2600 DCCLXXI
614 2556 781 2598 karolus
809 2559 854 2598 in
882 2557 1049 2599 italiam
1073 2559 1262 2613 pervexit

107 2631 296 2675 Additur
325 2629 370 2672 in
400 2630 593 2686 margine
622 2629 841 2672 inferiore:

311 2701 609 2745 DCCCXIIII
628 2703 670 2745 xi.
700 2701 866 2744 karolus
893 2703 993 2757 imp.
1025 2703 1124 2744 obiit

112 2777 164 2819 In
196 2776 385 2833 margine
416 2775 636 2832 superiore
667 2774 830 2818 notatio
860 2776 1175 2819 recentissima:

313 2848 515 2891 DCGGX
524 2847 610 2889 VII
631 2850 674 2890 af.
706 2849 785 2889 aed
813 2863 887 2889 rex
917 2848 1112 2891 hibernico
1142 2850 1331 2890 moritur.

225 2924 264 2964 5.
316 2921 467 2965 Codex
496 2920 707 2963 Prisciani
739 2920 1023 2964 bibliothecae
1045 2920 1387 2963 Carlisruhensis
1411 2921 1471 2975 (n.
1495 2923 1590 2975 223,
1623 2921 1723 2964 mihi
1746 2923 1815 2965 Pr.
1839 2922 1945 2978 Cn),
1977 2924 2085 2967 liber

113 2994 238 3037 etiam
271 2995 484 3051 quondam
514 2986 684 3050 Augiae
703 2987 891 3036 ‘maioris
940 2994 1008 3049 (ut
1041 2995 1086 3036 in
1115 2995 1253 3051 prima
1283 2994 1441 3051 pagina
1470 2995 1691 3051 utriusque
1731 2996 1893 3039 codicis
1932 2998 2087 3040 asserit

114 3073 284 3110 vetusta
312 3067 508 3122 manus),
551 3067 682 3109 multo
720 3068 938 3123 parciores
978 3067 1151 3110 exhibet
1181 3067 1349 3123 glossas
1381 3069 1435 3110 ad
1466 3075 1626 3111 textum
1659 3069 1921 3124 grammatici
1962 3076 2003 3112 et
2040 3070 2083 3112 in

115 3148 234 3197 parte
266 3146 426 3182 tantum
455 3140 618 3183 codicis
650 3141 702 3183 ab
733 3140 857 3182 initio
889 3155 1023 3196 usque
1056 3139 1110 3182 ad
1125 3142 1219 3192 .64·;
1257 3156 1283 3182 a
1304 3141 1373 3182 64³
1405 3156 1539 3197 usque
1569 3141 1622 3183 ad
1649 3142 1727 3183 103
1757 3141 1876 3183 nulla
1905 3143 2086 3199 amplius

116 3213 245 3256 obvia
275 3219 351 3255 est.
422 3213 473 3255 In
503 3221 624 3269 parte
664 3229 750 3255 una
779 3214 1018 3269 glossarum
1055 3213 1253 3268 congruit
1291 3227 1384 3255 cum
1424 3213 1650 3256 Prisciano
1689 3214 1834 3255 Sancti
1864 3213 2000 3268 Galli,
2042 3223 2088 3257 ut

118 3286 258 3343 possit
286 3286 421 3329 videri
453 3286 658 3329 oriundus
688 3286 742 3327 ab
774 3300 824 3328 eo
856 3293 898 3328 et
929 3301 1025 3328 esse
1056 3285 1308 3328 recentioris
1339 3287 1513 3339 aetatis,
1554 3287 1596 3328 in
1634 3287 1768 3329 altera
1796 3292 1937 3329 tamen
1968 3294 2088 3344 parte

117 3365 186 3401 est
216 3359 278 3402 sui
312 3359 448 3415 ipsius
480 3358 640 3401 arbitrii
674 3367 716 3400 et
746 3359 868 3401 offert
897 3358 1209 3412 adnotationes,
1241 3373 1348 3415 quas
1378 3360 1523 3402 nescit
1549 3360 1682 3401 codex
1714 3358 1862 3403 Sancti
1892 3361 2021 3404 Galli.

231 3436 269 3473 6.
302 3432 452 3475 Codex
475 3432 623 3475 Sancti
646 3431 759 3475 Galli
782 3448 823 3474 n.
852 3433 971 3484 1395,
1003 3431 1227 3475 continens
1248 3432 1580 3487 fragmentorum
1611 3447 1633 3474 e
1655 3431 1883 3475 codicibus·
1908 3434 2087 3475 vetustis

1781 3508 1820 3544 b·
