<?xml version="1.0" encoding="UTF-8"?>
<!DOCTYPE html PUBLIC "-//W3C//DTD XHTML 1.0 Transitional//EN"
    "http://www.w3.org/TR/xhtml1/DTD/xhtml1-transitional.dtd">
<html xmlns="http://www.w3.org/1999/xhtml" xml:lang="en" lang="en">
 <head>
  <title>
</title>
<meta http-equiv="Content-Type" content="text/html;charset=utf-8" />
  <meta name='ocr-system' content='tesseract 3.04.00' />
  <meta name='ocr-capabilities' content='ocr_page ocr_carea ocr_par ocr_line ocrx_word'/>
</head>
<body>
  <div class='ocr_page' id='page_1' title='image "./grammaticaceltic00zeusuoft_1086.png"; bbox 0 0 2336 3736; ppageno 0'>
   <div class='ocr_carea' id='block_1_1' title="bbox 274 254 1774 300">
    <p class='ocr_par' dir='ltr' id='par_1_1' title="bbox 274 254 1774 300">
     <span class='ocr_line' id='line_1_1' title="bbox 274 254 1774 300; baseline 0.001 -3"><span class='ocrx_word' id='word_1_1' title='bbox 274 256 355 298; x_wconf 88' lang='grc'>938</span> <span class='ocrx_word' id='word_1_2' title='bbox 385 257 479 296; x_wconf 72' lang='lat'>(915.</span> <span class='ocrx_word' id='word_1_3' title='bbox 497 258 576 296; x_wconf 83' lang='grc'>916)</span> <span class='ocrx_word' id='word_1_4' title='bbox 736 254 810 296; x_wconf 64' lang='grc' dir='ltr'>’Ἶ.</span> <span class='ocrx_word' id='word_1_5' title='bbox 844 256 881 298; x_wconf 81' lang='lat'>2.</span> <span class='ocrx_word' id='word_1_6' title='bbox 933 266 1251 299; x_wconf 68' lang='lat' dir='ltr'>consrancmo</span> <span class='ocrx_word' id='word_1_7' title='bbox 1282 269 1477 300; x_wconf 69' lang='lat' dir='ltr'>Pon&#39;ch</span> <span class='ocrx_word' id='word_1_8' title='bbox 1511 267 1774 300; x_wconf 71' lang='lat' dir='ltr'>mnnuch.</span> 
     </span>
    </p>
   </div>
   <div class='ocr_carea' id='block_1_2' title="bbox 265 379 2249 2126">
    <p class='ocr_par' dir='ltr' id='par_1_2' title="bbox 274 379 2242 504">
     <span class='ocr_line' id='line_1_2' title="bbox 386 379 2242 438; baseline 0.003 -20"><span class='ocrx_word' id='word_1_9' title='bbox 386 379 580 419; x_wconf 85' lang='lat' dir='ltr'>Alterum</span> <span class='ocrx_word' id='word_1_10' title='bbox 611 386 751 418; x_wconf 79' lang='lat' dir='ltr'>autem</span> <span class='ocrx_word' id='word_1_11' title='bbox 782 392 867 419; x_wconf 88' lang='lat' dir='ltr'>non</span> <span class='ocrx_word' id='word_1_12' title='bbox 898 386 1040 433; x_wconf 85' lang='lat' dir='ltr'>potest</span> <span class='ocrx_word' id='word_1_13' title='bbox 1069 380 1154 422; x_wconf 87' lang='lat' dir='ltr'>nisi</span> <span class='ocrx_word' id='word_1_14' title='bbox 1185 379 1416 422; x_wconf 85' lang='lat' dir='ltr'>secundum</span> <span class='ocrx_word' id='word_1_15' title='bbox 1449 379 1661 436; x_wconf 81' lang='lat' dir='ltr'>posterius</span> <span class='ocrx_word' id='word_1_16' title='bbox 1683 379 1784 434; x_wconf 82' lang='lat' dir='ltr'>legi,</span> <span class='ocrx_word' id='word_1_17' title='bbox 1819 380 1924 435; x_wconf 83' lang='lat' dir='ltr'>quia</span> <span class='ocrx_word' id='word_1_18' title='bbox 1954 381 2091 424; x_wconf 79' lang='lat' dir='ltr'>acutis</span> <span class='ocrx_word' id='word_1_19' title='bbox 2113 380 2242 438; x_wconf 77' lang='lat' dir='ltr'>sylla-</span> 
     </span>
     <span class='ocr_line' id='line_1_3' title="bbox 274 444 1811 504; baseline 0.001 -19"><span class='ocrx_word' id='word_1_20' title='bbox 274 445 339 486; x_wconf 88' lang='lat' dir='ltr'>bis</span> <span class='ocrx_word' id='word_1_21' title='bbox 371 444 692 502; x_wconf 86' lang='lat' dir='ltr'>principalibus,</span> <span class='ocrx_word' id='word_1_22' title='bbox 724 445 913 499; x_wconf 78' lang='lat' dir='ltr'>gravatis</span> <span class='ocrx_word' id='word_1_23' title='bbox 943 445 1200 500; x_wconf 81' lang='lat' dir='ltr'>formativis,</span> <span class='ocrx_word' id='word_1_24' title='bbox 1233 448 1377 504; x_wconf 87' lang='lat' dir='ltr'>prodit</span> <span class='ocrx_word' id='word_1_25' title='bbox 1405 447 1449 489; x_wconf 89' lang='lat' dir='ltr'>in</span> <span class='ocrx_word' id='word_1_26' title='bbox 1478 447 1591 488; x_wconf 88' lang='lat' dir='ltr'>hunc</span> <span class='ocrx_word' id='word_1_27' title='bbox 1621 446 1811 487; x_wconf 89' lang='lat' dir='ltr'>modum:</span> 
     </span>
    </p>

    <p class='ocr_par' dir='ltr' id='par_1_3' title="bbox 1023 525 1486 580">
     <span class='ocr_line' id='line_1_4' title="bbox 1023 525 1486 580; baseline 0.004 -15"><span class='ocrx_word' id='word_1_28' title='bbox 1023 526 1135 567; x_wconf 55' lang='lat' dir='ltr'>ixhe&#39;d</span> <span class='ocrx_word' id='word_1_29' title='bbox 1166 525 1283 580; x_wconf 74' lang='lat' dir='ltr'>aclfe&#39;t</span> <span class='ocrx_word' id='word_1_30' title='bbox 1311 526 1486 568; x_wconf 59' lang='lat' dir='ltr'>iscblaib.</span> 
     </span>
    </p>

    <p class='ocr_par' dir='ltr' id='par_1_4' title="bbox 271 600 2242 843">
     <span class='ocr_line' id='line_1_5' title="bbox 384 600 2242 656; baseline 0.002 -14"><span class='ocrx_word' id='word_1_31' title='bbox 384 602 456 643; x_wconf 87' lang='lat' dir='ltr'>An</span> <span class='ocrx_word' id='word_1_32' title='bbox 495 600 761 655; x_wconf 82' lang='lat' dir='ltr'>germanicus</span> <span class='ocrx_word' id='word_1_33' title='bbox 802 601 1042 656; x_wconf 83' lang='lat' dir='ltr'>proferendi</span> <span class='ocrx_word' id='word_1_34' title='bbox 1080 603 1233 645; x_wconf 84' lang='lat' dir='ltr'>modus</span> <span class='ocrx_word' id='word_1_35' title='bbox 1277 603 1537 646; x_wconf 85' lang='lat' dir='ltr'>concedetur</span> <span class='ocrx_word' id='word_1_36' title='bbox 1565 603 1609 644; x_wconf 88' lang='lat' dir='ltr'>in</span> <span class='ocrx_word' id='word_1_37' title='bbox 1640 602 1723 645; x_wconf 88' lang='lat' dir='ltr'>hoc</span> <span class='ocrx_word' id='word_1_38' title='bbox 1750 603 1970 647; x_wconf 87' lang='lat' dir='ltr'>hibernico</span> <span class='ocrx_word' id='word_1_39' title='bbox 2004 618 2131 646; x_wconf 82' lang='lat' dir='ltr'>versu</span> <span class='ocrx_word' id='word_1_40' title='bbox 2160 603 2242 645; x_wconf 84' lang='lat' dir='ltr'>fre-</span> 
     </span>
     <span class='ocr_line' id='line_1_6' title="bbox 272 668 2241 727; baseline 0.003 -18"><span class='ocrx_word' id='word_1_41' title='bbox 272 668 493 722; x_wconf 83' lang='lat' dir='ltr'>quentiore</span> <span class='ocrx_word' id='word_1_42' title='bbox 523 668 676 710; x_wconf 77' lang='lat' dir='ltr'>ceteris</span> <span class='ocrx_word' id='word_1_43' title='bbox 710 675 750 709; x_wconf 83' lang='lat' dir='ltr'>et</span> <span class='ocrx_word' id='word_1_44' title='bbox 780 676 989 724; x_wconf 80' lang='lat' dir='ltr'>aequante</span> <span class='ocrx_word' id='word_1_45' title='bbox 1020 670 1107 711; x_wconf 84' lang='lat' dir='ltr'>fere</span> <span class='ocrx_word' id='word_1_46' title='bbox 1139 670 1427 725; x_wconf 85' lang='lat' dir='ltr'>germanicum</span> <span class='ocrx_word' id='word_1_47' title='bbox 1458 685 1628 713; x_wconf 85' lang='lat' dir='ltr'>versum</span> <span class='ocrx_word' id='word_1_48' title='bbox 1662 670 1879 724; x_wconf 86' lang='lat' dir='ltr'>usitatum,</span> <span class='ocrx_word' id='word_1_49' title='bbox 1910 677 1958 713; x_wconf 88' lang='lat' dir='ltr'>ut</span> <span class='ocrx_word' id='word_1_50' title='bbox 1986 671 2029 712; x_wconf 85' lang='lat' dir='ltr'>in</span> <span class='ocrx_word' id='word_1_51' title='bbox 2061 670 2241 727; x_wconf 82' lang='lat' dir='ltr'>singulis</span> 
     </span>
     <span class='ocr_line' id='line_1_7' title="bbox 271 735 2242 795; baseline 0.002 -19"><span class='ocrx_word' id='word_1_52' title='bbox 271 735 470 777; x_wconf 87' lang='lat' dir='ltr'>membris</span> <span class='ocrx_word' id='word_1_53' title='bbox 500 735 626 777; x_wconf 81' lang='lat' dir='ltr'>binae</span> <span class='ocrx_word' id='word_1_54' title='bbox 657 742 819 777; x_wconf 88' lang='lat' dir='ltr'>tantum</span> <span class='ocrx_word' id='word_1_55' title='bbox 852 736 1043 791; x_wconf 84' lang='lat' dir='ltr'>syllabae</span> <span class='ocrx_word' id='word_1_56' title='bbox 1074 738 1232 779; x_wconf 83' lang='lat' dir='ltr'>maiore</span> <span class='ocrx_word' id='word_1_57' title='bbox 1261 744 1441 780; x_wconf 90' lang='lat' dir='ltr'>accentu</span> <span class='ocrx_word' id='word_1_58' title='bbox 1471 736 1766 793; x_wconf 79' lang='lat' dir='ltr'>proferantur?</span> <span class='ocrx_word' id='word_1_59' title='bbox 1814 736 1873 779; x_wconf 77' lang='lat' dir='ltr'>Et</span> <span class='ocrx_word' id='word_1_60' title='bbox 1901 745 1948 780; x_wconf 81' lang='lat' dir='ltr'>ut</span> <span class='ocrx_word' id='word_1_61' title='bbox 1975 737 2116 793; x_wconf 83' lang='lat' dir='ltr'>possit</span> <span class='ocrx_word' id='word_1_62' title='bbox 2141 753 2242 795; x_wconf 85' lang='lat' dir='ltr'>pro·</span> 
     </span>
     <span class='ocr_line' id='line_1_8' title="bbox 272 801 480 843; baseline 0 -1"><span class='ocrx_word' id='word_1_63' title='bbox 272 801 480 843; x_wconf 87' lang='lat' dir='ltr'>nuntiari:</span> 
     </span>
    </p>

    <p class='ocr_par' dir='ltr' id='par_1_5' title="bbox 671 856 1838 927">
     <span class='ocr_line' id='line_1_9' title="bbox 671 856 1838 927; baseline 0.002 -18"><span class='ocrx_word' id='word_1_64' title='bbox 671 867 828 912; x_wconf 71' lang='lat' dir='ltr'>Genair</span> <span class='ocrx_word' id='word_1_65' title='bbox 855 856 1046 926; x_wconf 45' lang='lat' dir='ltr'>{ritmico</span> <span class='ocrx_word' id='word_1_66' title='bbox 1076 873 1310 914; x_wconf 68' lang='lat' dir='ltr'>itme&#39;mtlmr</span> <span class='ocrx_word' id='word_1_67' title='bbox 1334 872 1350 927; x_wconf 77' lang='grc' dir='ltr'>ΙΙ</span> <span class='ocrx_word' id='word_1_68' title='bbox 1373 872 1487 913; x_wconf 61' lang='lat' dir='ltr'>ished</span> <span class='ocrx_word' id='word_1_69' title='bbox 1514 872 1632 923; x_wconf 80' lang='lat' dir='ltr'>adfe&#39;t</span> <span class='ocrx_word' id='word_1_70' title='bbox 1660 871 1838 912; x_wconf 57' lang='lat' dir='ltr'>iscelaib.</span> 
     </span>
    </p>

    <p class='ocr_par' dir='ltr' id='par_1_6' title="bbox 271 935 2241 1059">
     <span class='ocr_line' id='line_1_10' title="bbox 387 935 2241 994; baseline 0.003 -19"><span class='ocrx_word' id='word_1_71' title='bbox 387 935 826 980; x_wconf 74' lang='lat' dir='ltr'>Animadvertendum</span> <span class='ocrx_word' id='word_1_72' title='bbox 858 946 942 991; x_wconf 85' lang='lat' dir='ltr'>est,</span> <span class='ocrx_word' id='word_1_73' title='bbox 984 938 1191 981; x_wconf 86' lang='lat' dir='ltr'>interdum</span> <span class='ocrx_word' id='word_1_74' title='bbox 1225 954 1353 981; x_wconf 84' lang='lat' dir='ltr'>voces</span> <span class='ocrx_word' id='word_1_75' title='bbox 1387 939 1621 994; x_wconf 85' lang='lat' dir='ltr'>bisyllabas</span> <span class='ocrx_word' id='word_1_76' title='bbox 1659 938 1824 993; x_wconf 82' lang='lat' dir='ltr'>positas</span> <span class='ocrx_word' id='word_1_77' title='bbox 1855 953 1952 981; x_wconf 87' lang='lat' dir='ltr'>esse</span> <span class='ocrx_word' id='word_1_78' title='bbox 1980 939 2076 982; x_wconf 89' lang='lat' dir='ltr'>loco</span> <span class='ocrx_word' id='word_1_79' title='bbox 2117 939 2241 981; x_wconf 85' lang='lat' dir='ltr'>unius</span> 
     </span>
     <span class='ocr_line' id='line_1_11' title="bbox 271 1002 2146 1059; baseline 0.003 -16"><span class='ocrx_word' id='word_1_80' title='bbox 271 1002 465 1058; x_wconf 80' lang='lat' dir='ltr'>syllabae</span> <span class='ocrx_word' id='word_1_81' title='bbox 498 1011 712 1057; x_wconf 81' lang='lat' dir='ltr'>gravatae,</span> <span class='ocrx_word' id='word_1_82' title='bbox 745 1012 790 1045; x_wconf 90' lang='lat' dir='ltr'>ut</span> <span class='ocrx_word' id='word_1_83' title='bbox 819 1020 949 1048; x_wconf 89' lang='lat' dir='ltr'>voces</span> <span class='ocrx_word' id='word_1_84' title='bbox 980 1021 1091 1057; x_wconf 58' lang='lat' dir='ltr'>acue,</span> <span class='ocrx_word' id='word_1_85' title='bbox 1109 1006 1199 1059; x_wconf 71' lang='lat' dir='ltr'>fi-rzc</span> <span class='ocrx_word' id='word_1_86' title='bbox 1229 1007 1274 1047; x_wconf 89' lang='lat' dir='ltr'>in</span> <span class='ocrx_word' id='word_1_87' title='bbox 1303 1005 1370 1048; x_wconf 81' lang='lat' dir='ltr'>his</span> <span class='ocrx_word' id='word_1_88' title='bbox 1403 1004 1723 1058; x_wconf 62' lang='lat' dir='ltr'>Benedictionis</span> <span class='ocrx_word' id='word_1_89' title='bbox 1754 1004 1992 1048; x_wconf 86' lang='lat' dir='ltr'>Hiberniae</span> <span class='ocrx_word' id='word_1_90' title='bbox 2019 1006 2146 1048; x_wconf 78' lang='lat' dir='ltr'>locis:</span> 
     </span>
    </p>

    <p class='ocr_par' dir='ltr' id='par_1_7' title="bbox 884 1073 1625 1125">
     <span class='ocr_line' id='line_1_12' title="bbox 884 1073 1625 1125; baseline -0.001 -11"><span class='ocrx_word' id='word_1_91' title='bbox 884 1089 981 1114; x_wconf 61' lang='lat' dir='ltr'>acus·</span> <span class='ocrx_word' id='word_1_92' title='bbox 1013 1073 1096 1114; x_wconf 69' lang='lat' dir='ltr'>him</span> <span class='ocrx_word' id='word_1_93' title='bbox 1127 1073 1305 1115; x_wconf 71' lang='lat' dir='ltr'>bennciolz</span> <span class='ocrx_word' id='word_1_94' title='bbox 1323 1073 1414 1125; x_wconf 74' lang='lat' dir='ltr'>firu</span> <span class='ocrx_word' id='word_1_95' title='bbox 1444 1074 1625 1114; x_wconf 56' lang='lat' dir='ltr'>muman.</span> 
     </span>
    </p>

    <p class='ocr_par' dir='ltr' id='par_1_8' title="bbox 267 1137 2249 1869">
     <span class='ocr_line' id='line_1_13' title="bbox 382 1137 2242 1196; baseline 0.001 -17"><span class='ocrx_word' id='word_1_96' title='bbox 382 1137 511 1193; x_wconf 84' lang='lat' dir='ltr'><strong>Apud</strong></span> <span class='ocrx_word' id='word_1_97' title='bbox 550 1137 769 1181; x_wconf 81' lang='lat' dir='ltr'>Hibernos</span> <span class='ocrx_word' id='word_1_98' title='bbox 808 1144 998 1181; x_wconf 84' lang='lat' dir='ltr'>vetustos</span> <span class='ocrx_word' id='word_1_99' title='bbox 1039 1146 1080 1180; x_wconf 87' lang='lat' dir='ltr'>et</span> <span class='ocrx_word' id='word_1_100' title='bbox 1117 1138 1326 1183; x_wconf 82' lang='lat' dir='ltr'>Cambros</span> <span class='ocrx_word' id='word_1_101' title='bbox 1364 1139 1625 1183; x_wconf 77' lang='lat' dir='ltr'>constructio</span> <span class='ocrx_word' id='word_1_102' title='bbox 1675 1139 1869 1196; x_wconf 69' lang='lat' dir='ltr'>poeticae</span> <span class='ocrx_word' id='word_1_103' title='bbox 1905 1139 2111 1182; x_wconf 83' lang='lat' dir='ltr'>orationis</span> <span class='ocrx_word' id='word_1_104' title='bbox 2151 1139 2242 1181; x_wconf 86' lang='lat' dir='ltr'>uni-</span> 
     </span>
     <span class='ocr_line' id='line_1_14' title="bbox 271 1205 2240 1264; baseline 0.002 -19"><span class='ocrx_word' id='word_1_105' title='bbox 271 1221 413 1256; x_wconf 82' lang='lat' dir='ltr'>versa,</span> <span class='ocrx_word' id='word_1_106' title='bbox 455 1206 647 1261; x_wconf 79' lang='lat' dir='ltr'>exceptis</span> <span class='ocrx_word' id='word_1_107' title='bbox 687 1207 940 1260; x_wconf 85' lang='lat' dir='ltr'>quibusdam</span> <span class='ocrx_word' id='word_1_108' title='bbox 978 1222 1086 1262; x_wconf 85' lang='lat' dir='ltr'>quae</span> <span class='ocrx_word' id='word_1_109' title='bbox 1127 1213 1226 1249; x_wconf 88' lang='lat' dir='ltr'>sunt</span> <span class='ocrx_word' id='word_1_110' title='bbox 1261 1208 1435 1264; x_wconf 83' lang='lat' dir='ltr'>propria</span> <span class='ocrx_word' id='word_1_111' title='bbox 1472 1207 1622 1250; x_wconf 87' lang='lat' dir='ltr'>horum</span> <span class='ocrx_word' id='word_1_112' title='bbox 1662 1205 1728 1249; x_wconf 90' lang='lat' dir='ltr'>vel</span> <span class='ocrx_word' id='word_1_113' title='bbox 1760 1206 1940 1260; x_wconf 90' lang='lat' dir='ltr'>illorum,</span> <span class='ocrx_word' id='word_1_114' title='bbox 1980 1214 2047 1249; x_wconf 88' lang='lat' dir='ltr'>est</span> <span class='ocrx_word' id='word_1_115' title='bbox 2077 1207 2240 1249; x_wconf 84' lang='lat' dir='ltr'>eadem.</span> 
     </span>
     <span class='ocr_line' id='line_1_15' title="bbox 270 1273 2242 1330; baseline 0.001 -15"><span class='ocrx_word' id='word_1_116' title='bbox 270 1273 431 1329; x_wconf 80' lang='lat' dir='ltr'>ltaque,</span> <span class='ocrx_word' id='word_1_117' title='bbox 467 1288 558 1315; x_wconf 88' lang='lat' dir='ltr'>cum</span> <span class='ocrx_word' id='word_1_118' title='bbox 594 1288 751 1315; x_wconf 89' lang='lat' dir='ltr'>morum</span> <span class='ocrx_word' id='word_1_119' title='bbox 783 1274 1018 1330; x_wconf 86' lang='lat' dir='ltr'>priscorum</span> <span class='ocrx_word' id='word_1_120' title='bbox 1050 1289 1217 1330; x_wconf 85' lang='lat' dir='ltr'>semper</span> <span class='ocrx_word' id='word_1_121' title='bbox 1245 1275 1511 1318; x_wconf 80' lang='lat' dir='ltr'>tenacissimi</span> <span class='ocrx_word' id='word_1_122' title='bbox 1541 1274 1698 1317; x_wconf 87' lang='lat' dir='ltr'>fuerint</span> <span class='ocrx_word' id='word_1_123' title='bbox 1734 1274 1875 1317; x_wconf 88' lang='lat' dir='ltr'>celtici</span> <span class='ocrx_word' id='word_1_124' title='bbox 1912 1274 2081 1330; x_wconf 89' lang='lat' dir='ltr'>populi,</span> <span class='ocrx_word' id='word_1_125' title='bbox 2123 1274 2242 1317; x_wconf 88' lang='lat' dir='ltr'>coni-</span> 
     </span>
     <span class='ocr_line' id='line_1_16' title="bbox 269 1341 2240 1398; baseline 0.001 -16"><span class='ocrx_word' id='word_1_126' title='bbox 269 1356 364 1383; x_wconf 87' lang='lat' dir='ltr'>cere</span> <span class='ocrx_word' id='word_1_127' title='bbox 404 1341 525 1393; x_wconf 85' lang='lat' dir='ltr'>licet,</span> <span class='ocrx_word' id='word_1_128' title='bbox 565 1356 619 1382; x_wconf 90' lang='lat' dir='ltr'>ne</span> <span class='ocrx_word' id='word_1_129' title='bbox 658 1341 769 1397; x_wconf 89' lang='lat' dir='ltr'>apud</span> <span class='ocrx_word' id='word_1_130' title='bbox 817 1348 983 1384; x_wconf 84' lang='lat' dir='ltr'>veteres</span> <span class='ocrx_word' id='word_1_131' title='bbox 1021 1342 1193 1398; x_wconf 87' lang='lat' dir='ltr'>quidem</span> <span class='ocrx_word' id='word_1_132' title='bbox 1234 1341 1454 1385; x_wconf 84' lang='lat' dir='ltr'>Gallorum</span> <span class='ocrx_word' id='word_1_133' title='bbox 1491 1342 1678 1385; x_wconf 84' lang='lat' dir='ltr'>Druidas</span> <span class='ocrx_word' id='word_1_134' title='bbox 1724 1348 1766 1384; x_wconf 89' lang='lat' dir='ltr'>et</span> <span class='ocrx_word' id='word_1_135' title='bbox 1804 1341 1969 1384; x_wconf 84' lang='lat' dir='ltr'>Bardos</span> <span class='ocrx_word' id='word_1_136' title='bbox 2007 1342 2240 1385; x_wconf 80' lang='lat' dir='ltr'>carminum</span> 
     </span>
     <span class='ocr_line' id='line_1_17' title="bbox 268 1408 2241 1465; baseline 0.001 -15"><span class='ocrx_word' id='word_1_137' title='bbox 268 1408 627 1450; x_wconf 76' lang='lat' dir='ltr'>constructionem</span> <span class='ocrx_word' id='word_1_138' title='bbox 667 1410 801 1451; x_wconf 82' lang='lat' dir='ltr'>fuisse</span> <span class='ocrx_word' id='word_1_139' title='bbox 840 1409 1066 1451; x_wconf 83' lang='lat' dir='ltr'>diversam.</span> <span class='ocrx_word' id='word_1_140' title='bbox 1135 1408 1172 1451; x_wconf 88' lang='grc' dir='ltr'>Ε</span> <span class='ocrx_word' id='word_1_141' title='bbox 1205 1409 1358 1465; x_wconf 86' lang='lat' dir='ltr'>quibus</span> <span class='ocrx_word' id='word_1_142' title='bbox 1391 1411 1472 1452; x_wconf 87' lang='lat' dir='ltr'>etsi</span> <span class='ocrx_word' id='word_1_143' title='bbox 1504 1410 1674 1453; x_wconf 92' lang='lat' dir='ltr'>omnino</span> <span class='ocrx_word' id='word_1_144' title='bbox 1706 1408 1813 1451; x_wconf 86' lang='lat' dir='ltr'>nihil</span> <span class='ocrx_word' id='word_1_145' title='bbox 1842 1416 2058 1465; x_wconf 85' lang='lat' dir='ltr'>superest,</span> <span class='ocrx_word' id='word_1_146' title='bbox 2098 1416 2241 1452; x_wconf 84' lang='lat' dir='ltr'>tamen</span> 
     </span>
     <span class='ocr_line' id='line_1_18' title="bbox 269 1475 2241 1533; baseline 0.001 -17"><span class='ocrx_word' id='word_1_147' title='bbox 269 1476 441 1517; x_wconf 84' lang='lat' dir='ltr'>nimium</span> <span class='ocrx_word' id='word_1_148' title='bbox 483 1476 640 1518; x_wconf 85' lang='lat' dir='ltr'>audere</span> <span class='ocrx_word' id='word_1_149' title='bbox 677 1475 777 1517; x_wconf 85' lang='lat' dir='ltr'>mihi</span> <span class='ocrx_word' id='word_1_150' title='bbox 817 1491 903 1518; x_wconf 91' lang='lat' dir='ltr'>non</span> <span class='ocrx_word' id='word_1_151' title='bbox 940 1477 1110 1528; x_wconf 86' lang='lat' dir='ltr'>videor,</span> <span class='ocrx_word' id='word_1_152' title='bbox 1142 1477 1179 1518; x_wconf 89' lang='lat' dir='ltr'>si</span> <span class='ocrx_word' id='word_1_153' title='bbox 1210 1477 1394 1530; x_wconf 84' lang='lat' dir='ltr'>affirmo,</span> <span class='ocrx_word' id='word_1_154' title='bbox 1435 1477 1571 1533; x_wconf 86' lang='lat' dir='ltr'>prima</span> <span class='ocrx_word' id='word_1_155' title='bbox 1599 1476 1691 1523; x_wconf 73' lang='lat' dir='ltr'>iam</span> <span class='ocrx_word' id='word_1_156' title='bbox 1730 1476 1951 1532; x_wconf 83' lang='lat' dir='ltr'>religionis</span> <span class='ocrx_word' id='word_1_157' title='bbox 1983 1476 2241 1519; x_wconf 81' lang='lat' dir='ltr'>christianae</span> 
     </span>
     <span class='ocr_line' id='line_1_19' title="bbox 268 1541 2242 1598; baseline 0.001 -14"><span class='ocrx_word' id='word_1_158' title='bbox 268 1550 404 1586; x_wconf 83' lang='lat' dir='ltr'>aetate</span> <span class='ocrx_word' id='word_1_159' title='bbox 442 1544 486 1584; x_wconf 89' lang='lat' dir='ltr'>in</span> <span class='ocrx_word' id='word_1_160' title='bbox 522 1541 665 1586; x_wconf 85' lang='lat' dir='ltr'>Gallia</span> <span class='ocrx_word' id='word_1_161' title='bbox 704 1542 900 1598; x_wconf 83' lang='lat' dir='ltr'>gallicam</span> <span class='ocrx_word' id='word_1_162' title='bbox 938 1543 1053 1585; x_wconf 86' lang='lat' dir='ltr'>illam</span> <span class='ocrx_word' id='word_1_163' title='bbox 1092 1544 1323 1586; x_wconf 81' lang='lat' dir='ltr'>carminum</span> <span class='ocrx_word' id='word_1_164' title='bbox 1362 1545 1537 1586; x_wconf 86' lang='lat' dir='ltr'>formam</span> <span class='ocrx_word' id='word_1_165' title='bbox 1567 1544 1815 1586; x_wconf 82' lang='lat' dir='ltr'>translatam</span> <span class='ocrx_word' id='word_1_166' title='bbox 1847 1559 1943 1587; x_wconf 84' lang='lat' dir='ltr'>esse</span> <span class='ocrx_word' id='word_1_167' title='bbox 1974 1544 2019 1586; x_wconf 87' lang='lat' dir='ltr'>in</span> <span class='ocrx_word' id='word_1_168' title='bbox 2050 1545 2242 1587; x_wconf 86' lang='lat' dir='ltr'>carmina</span> 
     </span>
     <span class='ocr_line' id='line_1_20' title="bbox 267 1609 2241 1667; baseline 0.002 -16"><span class='ocrx_word' id='word_1_169' title='bbox 267 1610 510 1653; x_wconf 74' lang='lat' dir='ltr'>christiana.</span> <span class='ocrx_word' id='word_1_170' title='bbox 571 1609 939 1663; x_wconf 80' lang='lat' dir='ltr'>Quemadmodum</span> <span class='ocrx_word' id='word_1_171' title='bbox 969 1611 1096 1667; x_wconf 83' lang='lat' dir='ltr'>igitur</span> <span class='ocrx_word' id='word_1_172' title='bbox 1129 1611 1376 1653; x_wconf 84' lang='lat' dir='ltr'>bellatorum</span> <span class='ocrx_word' id='word_1_173' title='bbox 1409 1627 1478 1654; x_wconf 82' lang='lat' dir='ltr'>res</span> <span class='ocrx_word' id='word_1_174' title='bbox 1508 1619 1656 1667; x_wconf 74' lang='lat' dir='ltr'>gestae</span> <span class='ocrx_word' id='word_1_175' title='bbox 1687 1612 2012 1654; x_wconf 81' lang='lat' dir='ltr'>celebrabantur</span> <span class='ocrx_word' id='word_1_176' title='bbox 2042 1627 2067 1653; x_wconf 88' lang='lat' dir='ltr'>a</span> <span class='ocrx_word' id='word_1_177' title='bbox 2087 1611 2241 1654; x_wconf 76' lang='lat' dir='ltr'>Bardis</span> 
     </span>
     <span class='ocr_line' id='line_1_21' title="bbox 267 1677 2242 1735; baseline 0.002 -18"><span class='ocrx_word' id='word_1_178' title='bbox 267 1679 543 1720; x_wconf 54' lang='lat' dir='ltr'>(lambrorum</span> <span class='ocrx_word' id='word_1_179' title='bbox 576 1679 833 1727; x_wconf 83' lang='lat' dir='ltr'>carminibus</span> <span class='ocrx_word' id='word_1_180' title='bbox 865 1679 978 1720; x_wconf 82' lang='lat' dir='ltr'>iilius</span> <span class='ocrx_word' id='word_1_181' title='bbox 1009 1679 1186 1731; x_wconf 86' lang='lat' dir='ltr'>formae,</span> <span class='ocrx_word' id='word_1_182' title='bbox 1232 1694 1340 1735; x_wconf 84' lang='lat' dir='ltr'>quae</span> <span class='ocrx_word' id='word_1_183' title='bbox 1383 1680 1625 1722; x_wconf 86' lang='lat' dir='ltr'>etiamnunc</span> <span class='ocrx_word' id='word_1_184' title='bbox 1662 1686 1806 1722; x_wconf 82' lang='lat' dir='ltr'>extare</span> <span class='ocrx_word' id='word_1_185' title='bbox 1844 1677 2092 1732; x_wconf 74' lang='lat' dir='ltr'>creduntur,</span> <span class='ocrx_word' id='word_1_186' title='bbox 2133 1684 2176 1721; x_wconf 88' lang='lat' dir='ltr'>et</span> <span class='ocrx_word' id='word_1_187' title='bbox 2216 1695 2242 1721; x_wconf 89' lang='lat' dir='ltr'>a</span> 
     </span>
     <span class='ocr_line' id='line_1_22' title="bbox 269 1744 2242 1802; baseline 0.001 -15"><span class='ocrx_word' id='word_1_188' title='bbox 269 1746 418 1788; x_wconf 81' lang='lat' dir='ltr'>Bardis</span> <span class='ocrx_word' id='word_1_189' title='bbox 441 1746 674 1799; x_wconf 79' lang='lat' dir='ltr'>Gallorum,</span> <span class='ocrx_word' id='word_1_190' title='bbox 710 1747 775 1788; x_wconf 74' lang='lat' dir='ltr'>vel</span> <span class='ocrx_word' id='word_1_191' title='bbox 797 1747 1080 1789; x_wconf 84' lang='lat' dir='ltr'>caerimoniae</span> <span class='ocrx_word' id='word_1_192' title='bbox 1103 1764 1127 1788; x_wconf 81' lang='lat' dir='ltr'>a</span> <span class='ocrx_word' id='word_1_193' title='bbox 1147 1746 1338 1798; x_wconf 79' lang='lat' dir='ltr'>Druidis,</span> <span class='ocrx_word' id='word_1_194' title='bbox 1371 1747 1430 1790; x_wconf 88' lang='lat' dir='ltr'>ita</span> <span class='ocrx_word' id='word_1_195' title='bbox 1450 1747 1717 1789; x_wconf 84' lang='lat' dir='ltr'>celebrantur</span> <span class='ocrx_word' id='word_1_196' title='bbox 1738 1746 1960 1802; x_wconf 81' lang='lat' dir='ltr'>religionis</span> <span class='ocrx_word' id='word_1_197' title='bbox 1982 1744 2242 1789; x_wconf 80' lang='lat' dir='ltr'>christianae</span> 
     </span>
     <span class='ocr_line' id='line_1_23' title="bbox 269 1812 2249 1869; baseline 0.001 -14"><span class='ocrx_word' id='word_1_198' title='bbox 269 1815 469 1869; x_wconf 83' lang='lat' dir='ltr'>mysteria</span> <span class='ocrx_word' id='word_1_199' title='bbox 500 1814 568 1856; x_wconf 83' lang='lat' dir='ltr'>vel</span> <span class='ocrx_word' id='word_1_200' title='bbox 601 1814 926 1856; x_wconf 80' lang='lat' dir='ltr'>christia-norum</span> <span class='ocrx_word' id='word_1_201' title='bbox 959 1822 1187 1869; x_wconf 79' lang='lat' dir='ltr'>martyrum</span> <span class='ocrx_word' id='word_1_202' title='bbox 1218 1814 1398 1856; x_wconf 85' lang='lat' dir='ltr'>virtutes</span> <span class='ocrx_word' id='word_1_203' title='bbox 1428 1813 1596 1869; x_wconf 87' lang='lat' dir='ltr'>hymnis</span> <span class='ocrx_word' id='word_1_204' title='bbox 1629 1814 1822 1856; x_wconf 89' lang='lat' dir='ltr'>eiusdem</span> <span class='ocrx_word' id='word_1_205' title='bbox 1850 1815 2023 1857; x_wconf 84' lang='lat' dir='ltr'>formae.</span> <span class='ocrx_word' id='word_1_206' title='bbox 2245 1812 2249 1816; x_wconf 82' lang='grc'><strong>’</strong></span> 
     </span>
    </p>

    <p class='ocr_par' dir='ltr' id='par_1_9' title="bbox 265 1881 2240 2126">
     <span class='ocr_line' id='line_1_24' title="bbox 379 1881 2240 1939; baseline 0.002 -17"><span class='ocrx_word' id='word_1_207' title='bbox 379 1881 528 1937; x_wconf 87' lang='lat' dir='ltr'>Itaque</span> <span class='ocrx_word' id='word_1_208' title='bbox 559 1889 643 1923; x_wconf 88' lang='lat' dir='ltr'>tam</span> <span class='ocrx_word' id='word_1_209' title='bbox 674 1881 923 1936; x_wconf 88' lang='lat' dir='ltr'>hymnorum</span> <span class='ocrx_word' id='word_1_210' title='bbox 957 1881 1238 1924; x_wconf 84' lang='lat' dir='ltr'>consonantia</span> <span class='ocrx_word' id='word_1_211' title='bbox 1259 1896 1383 1938; x_wconf 90' lang='lat' dir='ltr'>quam</span> <span class='ocrx_word' id='word_1_212' title='bbox 1414 1881 1594 1924; x_wconf 86' lang='lat' dir='ltr'>aliorum</span> <span class='ocrx_word' id='word_1_213' title='bbox 1616 1882 1850 1924; x_wconf 85' lang='lat' dir='ltr'>carminum</span> <span class='ocrx_word' id='word_1_214' title='bbox 1869 1881 2108 1935; x_wconf 83' lang='lat' dir='ltr'>latinorum,</span> <span class='ocrx_word' id='word_1_215' title='bbox 2131 1898 2240 1939; x_wconf 80' lang='lat' dir='ltr'>quac</span> 
     </span>
     <span class='ocr_line' id='line_1_25' title="bbox 267 1949 2240 2006; baseline 0.001 -16"><span class='ocrx_word' id='word_1_216' title='bbox 267 1965 290 1990; x_wconf 84' lang='lat' dir='ltr'>e.</span> <span class='ocrx_word' id='word_1_217' title='bbox 327 1949 591 2005; x_wconf 85' lang='lat' dir='ltr'>temporibus</span> <span class='ocrx_word' id='word_1_218' title='bbox 630 1949 815 1991; x_wconf 88' lang='lat' dir='ltr'>labantis</span> <span class='ocrx_word' id='word_1_219' title='bbox 854 1950 1021 2005; x_wconf 87' lang='lat' dir='ltr'>imperii</span> <span class='ocrx_word' id='word_1_220' title='bbox 1060 1949 1239 1991; x_wconf 84' lang='lat' dir='ltr'>Romani</span> <span class='ocrx_word' id='word_1_221' title='bbox 1276 1949 1343 1991; x_wconf 86' lang='lat' dir='ltr'>vel</span> <span class='ocrx_word' id='word_1_222' title='bbox 1380 1950 1423 1991; x_wconf 89' lang='lat' dir='ltr'>in</span> <span class='ocrx_word' id='word_1_223' title='bbox 1454 1957 1567 1992; x_wconf 83' lang='lat' dir='ltr'>terra</span> <span class='ocrx_word' id='word_1_224' title='bbox 1596 1949 1831 1991; x_wconf 87' lang='lat' dir='ltr'>continenti</span> <span class='ocrx_word' id='word_1_225' title='bbox 1862 1949 2061 2006; x_wconf 86' lang='lat' dir='ltr'>Europae</span> <span class='ocrx_word' id='word_1_226' title='bbox 2097 1951 2164 1992; x_wconf 90' lang='lat' dir='ltr'>vel</span> <span class='ocrx_word' id='word_1_227' title='bbox 2196 1951 2240 1992; x_wconf 91' lang='lat' dir='ltr'>in</span> 
     </span>
     <span class='ocr_line' id='line_1_26' title="bbox 265 2009 2240 2074; baseline 0.002 -17"><span class='ocrx_word' id='word_1_228' title='bbox 265 2015 475 2058; x_wconf 86' lang='lat' dir='ltr'>Hibernia</span> <span class='ocrx_word' id='word_1_229' title='bbox 515 2024 614 2058; x_wconf 86' lang='lat' dir='ltr'>sunt</span> <span class='ocrx_word' id='word_1_230' title='bbox 656 2017 912 2072; x_wconf 85' lang='lat' dir='ltr'>composita,</span> <span class='ocrx_word' id='word_1_231' title='bbox 952 2025 1050 2060; x_wconf 89' lang='lat' dir='ltr'>ante</span> <span class='ocrx_word' id='word_1_232' title='bbox 1088 2017 1367 2074; x_wconf 89' lang='lat' dir='ltr'>proponenda</span> <span class='ocrx_word' id='word_1_233' title='bbox 1396 2024 1480 2070; x_wconf 86' lang='lat' dir='ltr'>est,</span> <span class='ocrx_word' id='word_1_234' title='bbox 1519 2032 1644 2073; x_wconf 89' lang='lat' dir='ltr'>quam</span> <span class='ocrx_word' id='word_1_235' title='bbox 1687 2017 1816 2059; x_wconf 88' lang='lat' dir='ltr'>liceat</span> <span class='ocrx_word' id='word_1_236' title='bbox 1854 2017 2054 2073; x_wconf 85' lang='lat' dir='ltr'>progredi</span> <span class='ocrx_word' id='word_1_237' title='bbox 2095 2009 2148 2060; x_wconf 79' lang='lat' dir='ltr'>ad</span> <span class='ocrx_word' id='word_1_238' title='bbox 2177 2016 2240 2060; x_wconf 88' lang='lat' dir='ltr'>hi-</span> 
     </span>
     <span class='ocr_line' id='line_1_27' title="bbox 265 2083 678 2126; baseline 0 -1"><span class='ocrx_word' id='word_1_239' title='bbox 265 2083 445 2126; x_wconf 89' lang='lat' dir='ltr'>bernica</span> <span class='ocrx_word' id='word_1_240' title='bbox 479 2085 678 2126; x_wconf 84' lang='lat' dir='ltr'>carmina.</span> 
     </span>
    </p>
   </div>
   <div class='ocr_carea' id='block_1_3' title="bbox 917 2254 1586 2298">
    <p class='ocr_par' dir='ltr' id='par_1_10' title="bbox 917 2254 1586 2298">
     <span class='ocr_line' id='line_1_28' title="bbox 917 2254 1586 2298; baseline 0.001 -3"><span class='ocrx_word' id='word_1_241' title='bbox 917 2258 950 2296; x_wconf 89' lang='lat' dir='ltr'>l.</span> <span class='ocrx_word' id='word_1_242' title='bbox 1002 2254 1370 2298; x_wconf 84' lang='lat' dir='ltr'>Consonantia</span> <span class='ocrx_word' id='word_1_243' title='bbox 1405 2254 1586 2297; x_wconf 85' lang='lat' dir='ltr'>latina.</span> 
     </span>
    </p>
   </div>
   <div class='ocr_carea' id='block_1_4' title="bbox 265 2387 2241 2915">
    <p class='ocr_par' dir='ltr' id='par_1_11' title="bbox 265 2387 2241 2848">
     <span class='ocr_line' id='line_1_29' title="bbox 378 2387 2241 2445; baseline 0.001 -15"><span class='ocrx_word' id='word_1_244' title='bbox 378 2387 423 2431; x_wconf 86' lang='lat' dir='ltr'>S.</span> <span class='ocrx_word' id='word_1_245' title='bbox 458 2388 747 2440; x_wconf 84' lang='lat' dir='ltr'>Ambrosium,</span> <span class='ocrx_word' id='word_1_246' title='bbox 780 2389 1028 2445; x_wconf 84' lang='lat' dir='ltr'>episcopum</span> <span class='ocrx_word' id='word_1_247' title='bbox 1065 2389 1457 2441; x_wconf 87' lang='lat' dir='ltr'>Mediolanensem,</span> <span class='ocrx_word' id='word_1_248' title='bbox 1487 2389 1531 2430; x_wconf 89' lang='lat' dir='ltr'>in</span> <span class='ocrx_word' id='word_1_249' title='bbox 1563 2387 1708 2431; x_wconf 84' lang='lat' dir='ltr'>Gallia</span> <span class='ocrx_word' id='word_1_250' title='bbox 1737 2396 1881 2430; x_wconf 88' lang='lat' dir='ltr'>natum</span> <span class='ocrx_word' id='word_1_251' title='bbox 1913 2388 1971 2444; x_wconf 84' lang='lat' dir='ltr'>(a.</span> <span class='ocrx_word' id='word_1_252' title='bbox 2004 2390 2100 2441; x_wconf 85' lang='lat'>333,</span> <span class='ocrx_word' id='word_1_253' title='bbox 2134 2389 2241 2432; x_wconf 90' lang='lat' dir='ltr'>obiit</span> 
     </span>
     <span class='ocr_line' id='line_1_30' title="bbox 265 2454 2240 2512; baseline 0.002 -16"><span class='ocrx_word' id='word_1_254' title='bbox 265 2471 301 2496; x_wconf 86' lang='lat' dir='ltr'>a.</span> <span class='ocrx_word' id='word_1_255' title='bbox 334 2456 456 2509; x_wconf 75' lang='lat'>397),</span> <span class='ocrx_word' id='word_1_256' title='bbox 500 2454 639 2498; x_wconf 83' lang='lat' dir='ltr'>cultus</span> <span class='ocrx_word' id='word_1_257' title='bbox 672 2456 805 2496; x_wconf 85' lang='lat' dir='ltr'>divini</span> <span class='ocrx_word' id='word_1_258' title='bbox 841 2457 996 2511; x_wconf 83' lang='lat' dir='ltr'>publici</span> <span class='ocrx_word' id='word_1_259' title='bbox 1029 2456 1225 2512; x_wconf 86' lang='lat' dir='ltr'>hymnis,</span> <span class='ocrx_word' id='word_1_260' title='bbox 1260 2456 1506 2512; x_wconf 86' lang='lat' dir='ltr'>antiphonis</span> <span class='ocrx_word' id='word_1_261' title='bbox 1539 2464 1619 2499; x_wconf 86' lang='lat' dir='ltr'>etc.</span> <span class='ocrx_word' id='word_1_262' title='bbox 1652 2455 1898 2498; x_wconf 84' lang='lat' dir='ltr'>celebrandi</span> <span class='ocrx_word' id='word_1_263' title='bbox 1930 2456 2110 2512; x_wconf 78' lang='lat' dir='ltr'>primum</span> <span class='ocrx_word' id='word_1_264' title='bbox 2140 2471 2240 2499; x_wconf 86' lang='lat' dir='ltr'>auc-</span> 
     </span>
     <span class='ocr_line' id='line_1_31' title="bbox 266 2522 2238 2580; baseline 0 -16"><span class='ocrx_word' id='word_1_265' title='bbox 266 2530 399 2564; x_wconf 81' lang='lat' dir='ltr'>torem</span> <span class='ocrx_word' id='word_1_266' title='bbox 423 2523 558 2565; x_wconf 84' lang='lat' dir='ltr'>fuisse</span> <span class='ocrx_word' id='word_1_267' title='bbox 591 2524 681 2565; x_wconf 85' lang='lat' dir='ltr'>eius</span> <span class='ocrx_word' id='word_1_268' title='bbox 713 2524 905 2565; x_wconf 88' lang='lat' dir='ltr'>notarius</span> <span class='ocrx_word' id='word_1_269' title='bbox 928 2523 1136 2566; x_wconf 85' lang='lat' dir='ltr'>Paulinus</span> <span class='ocrx_word' id='word_1_270' title='bbox 1167 2524 1295 2566; x_wconf 86' lang='lat' dir='ltr'>refert</span> <span class='ocrx_word' id='word_1_271' title='bbox 1324 2524 1377 2566; x_wconf 86' lang='lat' dir='ltr'>ad</span> <span class='ocrx_word' id='word_1_272' title='bbox 1409 2523 1451 2567; x_wconf 85' lang='lat' dir='ltr'>S.</span> <span class='ocrx_word' id='word_1_273' title='bbox 1486 2522 1777 2578; x_wconf 88' lang='lat' dir='ltr'>Augustinum</span> <span class='ocrx_word' id='word_1_274' title='bbox 1809 2522 2029 2579; x_wconf 87' lang='lat' dir='ltr'>(Append.</span> <span class='ocrx_word' id='word_1_275' title='bbox 2052 2523 2118 2565; x_wconf 82' lang='lat' dir='ltr'>ad.</span> <span class='ocrx_word' id='word_1_276' title='bbox 2141 2539 2238 2580; x_wconf 87' lang='lat' dir='ltr'>opp.</span> 
     </span>
     <span class='ocr_line' id='line_1_32' title="bbox 267 2586 2240 2647; baseline -0.001 -15"><span class='ocrx_word' id='word_1_277' title='bbox 267 2589 308 2632; x_wconf 85' lang='lat' dir='ltr'>S.</span> <span class='ocrx_word' id='word_1_278' title='bbox 351 2591 551 2632; x_wconf 88' lang='lat' dir='ltr'>Ambros.</span> <span class='ocrx_word' id='word_1_279' title='bbox 594 2591 658 2632; x_wconf 88' lang='lat' dir='ltr'>ed.</span> <span class='ocrx_word' id='word_1_280' title='bbox 692 2591 873 2643; x_wconf 90' lang='lat' dir='ltr'>Bened.,</span> <span class='ocrx_word' id='word_1_281' title='bbox 907 2592 1042 2633; x_wconf 86' lang='lat' dir='ltr'>Paris.</span> <span class='ocrx_word' id='word_1_282' title='bbox 1078 2594 1209 2644; x_wconf 71' lang='lat'>1690,</span> <span class='ocrx_word' id='word_1_283' title='bbox 1243 2608 1283 2647; x_wconf 89' lang='lat' dir='ltr'>p.</span> <span class='ocrx_word' id='word_1_284' title='bbox 1316 2590 1418 2645; x_wconf 82' lang='lat' dir='ltr'>IV):</span> <span class='ocrx_word' id='word_1_285' title='bbox 1467 2586 1550 2632; x_wconf 72' lang='lat' dir='ltr'>“eo</span> <span class='ocrx_word' id='word_1_286' title='bbox 1581 2590 1800 2632; x_wconf 83' lang='lat' dir='ltr'>Ambrosii</span> <span class='ocrx_word' id='word_1_287' title='bbox 1829 2599 2020 2645; x_wconf 86' lang='lat' dir='ltr'>tempore</span> <span class='ocrx_word' id='word_1_288' title='bbox 2059 2591 2240 2645; x_wconf 86' lang='lat' dir='ltr'>primum</span> 
     </span>
     <span class='ocr_line' id='line_1_33' title="bbox 268 2657 2239 2714; baseline 0.001 -17"><span class='ocrx_word' id='word_1_289' title='bbox 268 2657 545 2714; x_wconf 80' lang='lat' dir='ltr'>antiphonae,</span> <span class='ocrx_word' id='word_1_290' title='bbox 588 2658 730 2712; x_wconf 84' lang='lat' dir='ltr'>hymni</span> <span class='ocrx_word' id='word_1_291' title='bbox 774 2673 824 2699; x_wconf 91' lang='lat' dir='ltr'>ac</span> <span class='ocrx_word' id='word_1_292' title='bbox 866 2657 1036 2712; x_wconf 82' lang='lat' dir='ltr'>vigiliae</span> <span class='ocrx_word' id='word_1_293' title='bbox 1077 2658 1121 2699; x_wconf 88' lang='lat' dir='ltr'>in</span> <span class='ocrx_word' id='word_1_294' title='bbox 1160 2658 1347 2700; x_wconf 86' lang='lat' dir='ltr'>ecclesia</span> <span class='ocrx_word' id='word_1_295' title='bbox 1384 2657 1700 2700; x_wconf 81' lang='lat' dir='ltr'>Mediolanensi</span> <span class='ocrx_word' id='word_1_296' title='bbox 1748 2657 1952 2700; x_wconf 85' lang='lat' dir='ltr'>celebrari</span> <span class='ocrx_word' id='word_1_297' title='bbox 1993 2665 2239 2712; x_wconf 86' lang='lat' dir='ltr'>coeperunt,</span> 
     </span>
     <span class='ocr_line' id='line_1_34' title="bbox 266 2723 2237 2781; baseline 0 -16"><span class='ocrx_word' id='word_1_298' title='bbox 266 2725 386 2766; x_wconf 86' lang='lat' dir='ltr'>cuius</span> <span class='ocrx_word' id='word_1_299' title='bbox 419 2725 678 2766; x_wconf 83' lang='lat' dir='ltr'>celebritatis</span> <span class='ocrx_word' id='word_1_300' title='bbox 710 2725 879 2766; x_wconf 81' lang='lat' dir='ltr'>devotio</span> <span class='ocrx_word' id='word_1_301' title='bbox 903 2740 1036 2781; x_wconf 87' lang='lat' dir='ltr'>usque</span> <span class='ocrx_word' id='word_1_302' title='bbox 1059 2725 1102 2766; x_wconf 91' lang='lat' dir='ltr'>in</span> <span class='ocrx_word' id='word_1_303' title='bbox 1122 2724 1375 2767; x_wconf 89' lang='lat' dir='ltr'>hodiernum</span> <span class='ocrx_word' id='word_1_304' title='bbox 1398 2725 1509 2766; x_wconf 89' lang='lat' dir='ltr'>diem</span> <span class='ocrx_word' id='word_1_305' title='bbox 1531 2740 1617 2766; x_wconf 90' lang='lat' dir='ltr'>non</span> <span class='ocrx_word' id='word_1_306' title='bbox 1640 2724 1775 2767; x_wconf 87' lang='lat' dir='ltr'>solum</span> <span class='ocrx_word' id='word_1_307' title='bbox 1796 2724 1840 2766; x_wconf 89' lang='lat' dir='ltr'>in</span> <span class='ocrx_word' id='word_1_308' title='bbox 1869 2724 2017 2767; x_wconf 78' lang='lat' dir='ltr'>eadem</span> <span class='ocrx_word' id='word_1_309' title='bbox 2039 2723 2237 2777; x_wconf 79' lang='lat' dir='ltr'>ecelesia,</span> 
     </span>
     <span class='ocr_line' id='line_1_35' title="bbox 268 2785 1624 2848; baseline 0.001 -16"><span class='ocrx_word' id='word_1_310' title='bbox 268 2807 413 2833; x_wconf 88' lang='lat' dir='ltr'>verum</span> <span class='ocrx_word' id='word_1_311' title='bbox 445 2807 521 2847; x_wconf 87' lang='lat' dir='ltr'>per</span> <span class='ocrx_word' id='word_1_312' title='bbox 553 2807 698 2834; x_wconf 87' lang='lat' dir='ltr'>omnes</span> <span class='ocrx_word' id='word_1_313' title='bbox 731 2807 868 2847; x_wconf 86' lang='lat' dir='ltr'>paene</span> <span class='ocrx_word' id='word_1_314' title='bbox 900 2793 1136 2834; x_wconf 83' lang='lat' dir='ltr'>occidentis</span> <span class='ocrx_word' id='word_1_315' title='bbox 1169 2792 1415 2848; x_wconf 88' lang='lat' dir='ltr'>provincias</span> <span class='ocrx_word' id='word_1_316' title='bbox 1445 2785 1624 2833; x_wconf 82' lang='lat' dir='ltr'>manet.&#39;&#39;</span> 
     </span>
    </p>

    <p class='ocr_par' dir='ltr' id='par_1_12' title="bbox 380 2857 2239 2915">
     <span class='ocr_line' id='line_1_36' title="bbox 380 2857 2239 2915; baseline -0.001 -14"><span class='ocrx_word' id='word_1_317' title='bbox 380 2859 537 2915; x_wconf 86' lang='lat' dir='ltr'>Hymni</span> <span class='ocrx_word' id='word_1_318' title='bbox 569 2860 610 2902; x_wconf 85' lang='lat' dir='ltr'>S.</span> <span class='ocrx_word' id='word_1_319' title='bbox 643 2859 861 2902; x_wconf 84' lang='lat' dir='ltr'>Ambrosii</span> <span class='ocrx_word' id='word_1_320' title='bbox 891 2865 1138 2902; x_wconf 84' lang='lat' dir='ltr'>tetrametro</span> <span class='ocrx_word' id='word_1_321' title='bbox 1178 2858 1389 2901; x_wconf 71' lang='lat' dir='ltr'>iambico*</span> <span class='ocrx_word' id='word_1_322' title='bbox 1419 2857 1647 2914; x_wconf 86' lang='lat' dir='ltr'>compositi</span> <span class='ocrx_word' id='word_1_323' title='bbox 1678 2865 1796 2911; x_wconf 83' lang='lat' dir='ltr'>sunt,</span> <span class='ocrx_word' id='word_1_324' title='bbox 1829 2858 1905 2901; x_wconf 78' lang='lat' dir='ltr'>sed</span> <span class='ocrx_word' id='word_1_325' title='bbox 1937 2857 2105 2901; x_wconf 85' lang='lat' dir='ltr'>accedit</span> <span class='ocrx_word' id='word_1_326' title='bbox 2136 2872 2239 2900; x_wconf 85' lang='lat' dir='ltr'>usus</span> 
     </span>
    </p>
   </div>
   <div class='ocr_carea' id='block_1_5' title="bbox 265 3003 2242 3470">
    <p class='ocr_par' dir='ltr' id='par_1_13' title="bbox 265 3003 2242 3368">
     <span class='ocr_line' id='line_1_37' title="bbox 357 3003 2242 3049; baseline -0.001 -10"><span class='ocrx_word' id='word_1_327' title='bbox 357 3006 373 3023; x_wconf 73' lang='grc'><strong><em>*</em></strong></span> <span class='ocrx_word' id='word_1_328' title='bbox 398 3006 446 3039; x_wconf 87' lang='lat' dir='ltr'>De</span> <span class='ocrx_word' id='word_1_329' title='bbox 483 3008 591 3039; x_wconf 77' lang='lat' dir='ltr'>metro</span> <span class='ocrx_word' id='word_1_330' title='bbox 627 3006 726 3039; x_wconf 82' lang='lat' dir='ltr'>iuxta</span> <span class='ocrx_word' id='word_1_331' title='bbox 751 3005 1011 3039; x_wconf 80' lang='lat' dir='ltr'>consonantiam</span> <span class='ocrx_word' id='word_1_332' title='bbox 1050 3005 1205 3039; x_wconf 86' lang='lat' dir='ltr'>adhibito</span> <span class='ocrx_word' id='word_1_333' title='bbox 1236 3005 1274 3039; x_wconf 90' lang='lat' dir='ltr'>in</span> <span class='ocrx_word' id='word_1_334' title='bbox 1304 3005 1347 3038; x_wconf 86' lang='lat' dir='ltr'>iis</span> <span class='ocrx_word' id='word_1_335' title='bbox 1380 3004 1520 3048; x_wconf 83' lang='lat' dir='ltr'>hymnis</span> <span class='ocrx_word' id='word_1_336' title='bbox 1552 3004 1647 3039; x_wconf 83' lang='lat' dir='ltr'>Beda</span> <span class='ocrx_word' id='word_1_337' title='bbox 1677 3004 1840 3049; x_wconf 80' lang='lat' dir='ltr'>disputat</span> <span class='ocrx_word' id='word_1_338' title='bbox 1869 3005 1907 3039; x_wconf 87' lang='lat' dir='ltr'>in</span> <span class='ocrx_word' id='word_1_339' title='bbox 1940 3003 2055 3038; x_wconf 81' lang='lat' dir='ltr'>libello</span> <span class='ocrx_word' id='word_1_340' title='bbox 2090 3003 2132 3037; x_wconf 83' lang='lat' dir='ltr'>de</span> <span class='ocrx_word' id='word_1_341' title='bbox 2168 3006 2242 3038; x_wconf 66' lang='lat' dir='ltr'>arte</span> 
     </span>
     <span class='ocr_line' id='line_1_38' title="bbox 267 3048 2239 3094; baseline -0.002 -9"><span class='ocrx_word' id='word_1_342' title='bbox 267 3052 408 3085; x_wconf 83' lang='lat' dir='ltr'>metrica</span> <span class='ocrx_word' id='word_1_343' title='bbox 438 3051 502 3092; x_wconf 83' lang='lat' dir='ltr'>(ed.</span> <span class='ocrx_word' id='word_1_344' title='bbox 535 3051 639 3085; x_wconf 88' lang='lat' dir='ltr'>Basil.</span> <span class='ocrx_word' id='word_1_345' title='bbox 670 3055 697 3091; x_wconf 88' lang='lat' dir='ltr'>l,</span> <span class='ocrx_word' id='word_1_346' title='bbox 725 3052 814 3092; x_wconf 20' lang='lat'>56»,</span> <span class='ocrx_word' id='word_1_347' title='bbox 844 3051 999 3084; x_wconf 77' lang='lat' dir='ltr'>‘Meti-um</span> <span class='ocrx_word' id='word_1_348' title='bbox 1035 3051 1219 3084; x_wconf 84' lang='lat' dir='ltr'>iambicum</span> <span class='ocrx_word' id='word_1_349' title='bbox 1247 3051 1484 3084; x_wconf 77' lang='lat' dir='ltr'>tetrametrum</span> <span class='ocrx_word' id='word_1_350' title='bbox 1507 3050 1632 3094; x_wconf 82' lang='lat' dir='ltr'>recipit</span> <span class='ocrx_word' id='word_1_351' title='bbox 1656 3050 1809 3083; x_wconf 89' lang='lat' dir='ltr'>iambum</span> <span class='ocrx_word' id='word_1_352' title='bbox 1834 3050 1918 3084; x_wconf 89' lang='lat' dir='ltr'>locis</span> <span class='ocrx_word' id='word_1_353' title='bbox 1939 3048 2110 3089; x_wconf 87' lang='lat' dir='ltr'>omnibus,</span> <span class='ocrx_word' id='word_1_354' title='bbox 2138 3058 2239 3093; x_wconf 88' lang='lat' dir='ltr'>spon-</span> 
     </span>
     <span class='ocr_line' id='line_1_39' title="bbox 265 3093 2240 3140; baseline -0.002 -10"><span class='ocrx_word' id='word_1_355' title='bbox 265 3097 367 3130; x_wconf 87' lang='lat' dir='ltr'>deum</span> <span class='ocrx_word' id='word_1_356' title='bbox 398 3098 533 3130; x_wconf 84' lang='lat' dir='ltr'>tantum</span> <span class='ocrx_word' id='word_1_357' title='bbox 559 3097 642 3130; x_wconf 85' lang='lat' dir='ltr'>locis</span> <span class='ocrx_word' id='word_1_358' title='bbox 666 3097 876 3140; x_wconf 86' lang='lat' dir='ltr'>imparibus,</span> <span class='ocrx_word' id='word_1_359' title='bbox 908 3106 975 3140; x_wconf 86' lang='lat' dir='ltr'>quo</span> <span class='ocrx_word' id='word_1_360' title='bbox 1008 3096 1158 3140; x_wconf 74' lang='lat' dir='ltr'>scriptus</span> <span class='ocrx_word' id='word_1_361' title='bbox 1184 3099 1236 3129; x_wconf 83' lang='lat' dir='ltr'>est</span> <span class='ocrx_word' id='word_1_362' title='bbox 1260 3096 1412 3140; x_wconf 81' lang='lat' dir='ltr'>hymnus</span> <span class='ocrx_word' id='word_1_363' title='bbox 1436 3094 1587 3129; x_wconf 83' lang='lat' dir='ltr'>Sedulii:</span> <span class='ocrx_word' id='word_1_364' title='bbox 1628 3096 1658 3128; x_wconf 86' lang='lat' dir='ltr'><strong>A</strong></span> <span class='ocrx_word' id='word_1_365' title='bbox 1682 3095 1762 3129; x_wconf 84' lang='lat' dir='ltr'>solis</span> <span class='ocrx_word' id='word_1_366' title='bbox 1786 3098 1864 3129; x_wconf 83' lang='lat' dir='ltr'>ortu</span> <span class='ocrx_word' id='word_1_367' title='bbox 1888 3095 2029 3129; x_wconf 82' lang='lat' dir='ltr'>cardine</span> <span class='ocrx_word' id='word_1_368' title='bbox 2059 3097 2124 3128; x_wconf 82' lang='lat' dir='ltr'>etc.</span> <span class='ocrx_word' id='word_1_369' title='bbox 2173 3093 2240 3127; x_wconf 84' lang='lat' dir='ltr'>Sed</span> 
     </span>
     <span class='ocr_line' id='line_1_40' title="bbox 266 3139 2240 3186; baseline -0.002 -11"><span class='ocrx_word' id='word_1_370' title='bbox 266 3146 301 3175; x_wconf 85' lang='lat' dir='ltr'>et</span> <span class='ocrx_word' id='word_1_371' title='bbox 335 3142 555 3176; x_wconf 78' lang='lat' dir='ltr'>Ambrosiani</span> <span class='ocrx_word' id='word_1_372' title='bbox 589 3153 628 3175; x_wconf 86' lang='lat' dir='ltr'>eo</span> <span class='ocrx_word' id='word_1_373' title='bbox 659 3142 808 3175; x_wconf 70' lang='lat' dir='ltr'>maxime</span> <span class='ocrx_word' id='word_1_374' title='bbox 837 3144 999 3180; x_wconf 83' lang='lat' dir='ltr'>curmut,</span> <span class='ocrx_word' id='word_1_375' title='bbox 1026 3169 1031 3175; x_wconf 86' lang='lat'><em>.</em></span> <span class='ocrx_word' id='word_1_376' title='bbox 1058 3169 1066 3176; x_wconf 94' lang='lat'>.</span> <span class='ocrx_word' id='word_1_377' title='bbox 1096 3143 1131 3175; x_wconf 86' lang='lat' dir='ltr'>in</span> <span class='ocrx_word' id='word_1_378' title='bbox 1156 3142 1284 3186; x_wconf 87' lang='lat' dir='ltr'>quibus</span> <span class='ocrx_word' id='word_1_379' title='bbox 1316 3140 1547 3185; x_wconf 86' lang='lat' dir='ltr'>pulcherrimo</span> <span class='ocrx_word' id='word_1_380' title='bbox 1577 3142 1630 3174; x_wconf 87' lang='lat' dir='ltr'>est</span> <span class='ocrx_word' id='word_1_381' title='bbox 1659 3140 1780 3175; x_wconf 86' lang='lat' dir='ltr'>decore</span> <span class='ocrx_word' id='word_1_382' title='bbox 1809 3139 2019 3185; x_wconf 84' lang='lat' dir='ltr'>compositus</span> <span class='ocrx_word' id='word_1_383' title='bbox 2054 3140 2240 3182; x_wconf 76' lang='lat' dir='ltr'>hymnus</span> 
     </span>
     <span class='ocr_line' id='line_1_41' title="bbox 267 3185 2240 3231; baseline -0.001 -11"><span class='ocrx_word' id='word_1_384' title='bbox 267 3188 496 3221; x_wconf 85' lang='lat' dir='ltr'>beatorum</span> <span class='ocrx_word' id='word_1_385' title='bbox 522 3190 778 3229; x_wconf 87' lang='lat' dir='ltr'>martyrum,</span> <span class='ocrx_word' id='word_1_386' title='bbox 804 3187 903 3220; x_wconf 81' lang='lat' dir='ltr'>euius</span> <span class='ocrx_word' id='word_1_387' title='bbox 929 3187 1002 3220; x_wconf 82' lang='lat' dir='ltr'>loca</span> <span class='ocrx_word' id='word_1_388' title='bbox 1025 3187 1170 3231; x_wconf 81' lang='lat' dir='ltr'>imparia</span> <span class='ocrx_word' id='word_1_389' title='bbox 1195 3186 1379 3230; x_wconf 84' lang='lat' dir='ltr'>spondeus,</span> <span class='ocrx_word' id='word_1_390' title='bbox 1405 3186 1538 3222; x_wconf 80' lang='lat' dir='ltr'>iambus</span> <span class='ocrx_word' id='word_1_391' title='bbox 1564 3188 1657 3219; x_wconf 86' lang='lat' dir='ltr'>tenet</span> <span class='ocrx_word' id='word_1_392' title='bbox 1681 3186 1788 3230; x_wconf 85' lang='lat' dir='ltr'>paria.</span> <span class='ocrx_word' id='word_1_393' title='bbox 1840 3185 1977 3230; x_wconf 80' lang='lat' dir='ltr'>Recipit</span> <span class='ocrx_word' id='word_1_394' title='bbox 2001 3185 2067 3219; x_wconf 88' lang='lat' dir='ltr'>hoc</span> <span class='ocrx_word' id='word_1_395' title='bbox 2091 3186 2240 3218; x_wconf 80' lang='lat' dir='ltr'>metrum</span> 
     </span>
     <span class='ocr_line' id='line_1_42' title="bbox 265 3229 2240 3276; baseline -0.002 -10"><span class='ocrx_word' id='word_1_396' title='bbox 265 3233 462 3276; x_wconf 76' lang='lat' dir='ltr'>aliquoties,</span> <span class='ocrx_word' id='word_1_397' title='bbox 495 3236 534 3265; x_wconf 86' lang='lat' dir='ltr'>ut</span> <span class='ocrx_word' id='word_1_398' title='bbox 557 3233 677 3266; x_wconf 83' lang='lat' dir='ltr'>scribit</span> <span class='ocrx_word' id='word_1_399' title='bbox 708 3233 843 3265; x_wconf 76' lang='lat' dir='ltr'>Mallius</span> <span class='ocrx_word' id='word_1_400' title='bbox 866 3232 1082 3267; x_wconf 82' lang='lat' dir='ltr'>Theodorus,</span> <span class='ocrx_word' id='word_1_401' title='bbox 1119 3233 1222 3265; x_wconf 85' lang='lat' dir='ltr'>etiam</span> <span class='ocrx_word' id='word_1_402' title='bbox 1257 3230 1480 3274; x_wconf 63' lang='lat' dir='ltr'>tribrachyn!</span> <span class='ocrx_word' id='word_1_403' title='bbox 1531 3230 1615 3265; x_wconf 83' lang='lat' dir='ltr'>Tam</span> <span class='ocrx_word' id='word_1_404' title='bbox 1651 3231 1851 3265; x_wconf 84' lang='lat' dir='ltr'>allitteratio</span> <span class='ocrx_word' id='word_1_405' title='bbox 1875 3233 1974 3265; x_wconf 85' lang='lat' dir='ltr'>iuxta</span> <span class='ocrx_word' id='word_1_406' title='bbox 1999 3229 2144 3264; x_wconf 83' lang='lat' dir='ltr'>latinum</span> <span class='ocrx_word' id='word_1_407' title='bbox 2171 3239 2240 3263; x_wconf 87' lang='lat' dir='ltr'>me·</span> 
     </span>
     <span class='ocr_line' id='line_1_43' title="bbox 268 3274 2239 3323; baseline -0.001 -12"><span class='ocrx_word' id='word_1_408' title='bbox 268 3281 357 3312; x_wconf 86' lang='lat' dir='ltr'>trum</span> <span class='ocrx_word' id='word_1_409' title='bbox 383 3289 486 3323; x_wconf 85' lang='lat' dir='ltr'>quam</span> <span class='ocrx_word' id='word_1_410' title='bbox 511 3278 737 3312; x_wconf 85' lang='lat' dir='ltr'>consonantia</span> <span class='ocrx_word' id='word_1_411' title='bbox 759 3277 893 3317; x_wconf 78' lang='lat' dir='ltr'>finalis,</span> <span class='ocrx_word' id='word_1_412' title='bbox 919 3278 1093 3311; x_wconf 83' lang='lat' dir='ltr'>interdurn</span> <span class='ocrx_word' id='word_1_413' title='bbox 1118 3278 1222 3311; x_wconf 87' lang='lat' dir='ltr'>etiam</span> <span class='ocrx_word' id='word_1_414' title='bbox 1249 3277 1371 3318; x_wconf 79' lang='lat' dir='ltr'>media,</span> <span class='ocrx_word' id='word_1_415' title='bbox 1397 3277 1581 3310; x_wconf 77' lang='lat' dir='ltr'>adhibetur</span> <span class='ocrx_word' id='word_1_416' title='bbox 1606 3287 1627 3310; x_wconf 81' lang='lat' dir='ltr'>a</span> <span class='ocrx_word' id='word_1_417' title='bbox 1651 3276 1760 3311; x_wconf 81' lang='lat' dir='ltr'>Gallis</span> <span class='ocrx_word' id='word_1_418' title='bbox 1784 3276 1936 3310; x_wconf 84' lang='lat' dir='ltr'>eiusdem</span> <span class='ocrx_word' id='word_1_419' title='bbox 1962 3274 2087 3310; x_wconf 84' lang='lat' dir='ltr'>aetatis</span> <span class='ocrx_word' id='word_1_420' title='bbox 2119 3275 2239 3319; x_wconf 60' lang='lat' dir='ltr'>postis,</span> 
     </span>
     <span class='ocr_line' id='line_1_44' title="bbox 268 3324 753 3368; baseline -0.002 -11"><span class='ocrx_word' id='word_1_421' title='bbox 268 3327 305 3357; x_wconf 85' lang='lat' dir='ltr'>ut</span> <span class='ocrx_word' id='word_1_422' title='bbox 334 3324 497 3364; x_wconf 82' lang='lat' dir='ltr'>Ausonio,</span> <span class='ocrx_word' id='word_1_423' title='bbox 523 3324 557 3357; x_wconf 88' lang='lat' dir='ltr'>in</span> <span class='ocrx_word' id='word_1_424' title='bbox 582 3324 688 3368; x_wconf 86' lang='lat' dir='ltr'>epigr.</span> <span class='ocrx_word' id='word_1_425' title='bbox 717 3327 753 3357; x_wconf 82' lang='lat'>1:</span> 
     </span>
    </p>

    <p class='ocr_par' dir='ltr' id='par_1_14' title="bbox 672 3377 1661 3470">
     <span class='ocr_line' id='line_1_45' title="bbox 672 3377 1661 3423; baseline -0.001 -11"><span class='ocrx_word' id='word_1_426' title='bbox 672 3379 805 3413; x_wconf 82' lang='lat' dir='ltr'>Phoebe</span> <span class='ocrx_word' id='word_1_427' title='bbox 826 3378 831 3422; x_wconf 87' lang='grc'>1</span> <span class='ocrx_word' id='word_1_428' title='bbox 853 3382 975 3423; x_wconf 79' lang='lat' dir='ltr'>potens</span> <span class='ocrx_word' id='word_1_429' title='bbox 1001 3379 1162 3419; x_wconf 68' lang='lat' dir='ltr'>numeris,</span> <span class='ocrx_word' id='word_1_430' title='bbox 1185 3382 1190 3421; x_wconf 78' lang='grc' dir='ltr'>Ι</span> <span class='ocrx_word' id='word_1_431' title='bbox 1212 3387 1344 3422; x_wconf 77' lang='lat' dir='ltr'>praeses</span> <span class='ocrx_word' id='word_1_432' title='bbox 1369 3377 1526 3412; x_wconf 80' lang='lat' dir='ltr'>Tritonia</span> <span class='ocrx_word' id='word_1_433' title='bbox 1551 3377 1661 3419; x_wconf 71' lang='lat' dir='ltr'>bellis,</span> 
     </span>
     <span class='ocr_line' id='line_1_46' title="bbox 674 3423 1582 3470; baseline -0.002 -12"><span class='ocrx_word' id='word_1_434' title='bbox 674 3425 725 3459; x_wconf 87' lang='lat' dir='ltr'>Tu</span> <span class='ocrx_word' id='word_1_435' title='bbox 751 3434 889 3470; x_wconf 87' lang='lat' dir='ltr'>quoque</span> <span class='ocrx_word' id='word_1_436' title='bbox 913 3425 956 3458; x_wconf 87' lang='lat' dir='ltr'>ab</span> <span class='ocrx_word' id='word_1_437' title='bbox 981 3425 1072 3459; x_wconf 69' lang='lat' dir='ltr'>aetio</span> <span class='ocrx_word' id='word_1_438' title='bbox 1094 3429 1099 3466; x_wconf 64' lang='grc' dir='ltr'>ι</span> <span class='ocrx_word' id='word_1_439' title='bbox 1120 3433 1261 3468; x_wconf 62' lang='lat' dir='ltr'>praepa</span> <span class='ocrx_word' id='word_1_440' title='bbox 1288 3423 1445 3457; x_wconf 83' lang='lat' dir='ltr'>Victoria</span> <span class='ocrx_word' id='word_1_441' title='bbox 1469 3423 1582 3467; x_wconf 79' lang='lat' dir='ltr'>lapsu,</span> 
     </span>
    </p>
   </div>
  </div>
 </body>
</html>
