2336 3736
234 252 344 293 1048
386 251 642 293 (1070—1072)
678 261 921 292 APPEme.
973 261 1194 292 srnomnn
1227 260 1405 292 comcis
1434 260 1668 292 mmmmm
1697 261 1767 293 cn.

233 373 519 416 delationew
551 372 780 426 habebunt,
813 388 921 429 quae
942 373 1052 416 solet
1069 372 1307 416 iudiciariis
1326 372 1695 429 inquisitionibus¹
1713 374 1727 400 ¹
1763 373 2001 426 admoveri;
2031 375 2192 429 quos1²

229 441 400 496 gravius
432 441 653 482 manere13
698 440 955 496 supplicium
991 455 1068 496 per
1096 439 1180 483 hoc
1206 439 1439 493 indicatur,
1478 441 1593 496 quod
1623 440 1766 483 statim
1806 446 1849 483 ct
1877 439 1995 485 velut
2031 440 2197 484 adcele-

228 509 370 549 rata1⁴
408 507 621 549 sententia
656 507 700 548 in
730 507 871 549 locum
901 507 1062 550 meritis
1093 507 1184 549 suis
1222 507 1410 550 debitum
1448 513 1490 550 et
1526 507 1572 549 in
1602 506 1797 549 ultimum
1837 507 2192 551 contrudentur-1⁵

232 573 443 615 exitium.¹
494 572 554 616 Et
582 573 679 616 ideo
710 589 796 617 non
830 574 938 616 dixit
968 574 1200 628 absolute,²
1234 589 1321 616 non
1351 581 1596 631 resurgent,
1629 574 1707 617 sed
1737 574 1912 628 addidit,
1944 574 1990 616 in
2018 574 2196 628 iudicio,

233 640 315 683 hoc
345 646 422 692 est,
454 655 541 683 non
561 648 788 696 resurgent
818 642 872 684 ad
896 641 1294 695 examinationem,³
1331 642 1407 684 sed
1428 648 1664 698 resurgent,
1696 647 1742 684 ut
1770 642 1915 684 statim
1945 641 2200 684 sententiam

231 708 517 751 damnationis
557 707 810 763 excipiant.⁴
867 708 927 751 Et
963 723 1019 750 ne
1048 706 1156 750 forte
1194 722 1247 750 ex
1277 710 1491 752 communi
1521 708 1848 752 resurrectionis
1878 708 2049 752 nomine
2086 723 2200 751 com-

229 791 403 818 munem
433 776 732 819 aestimantes⁵
769 776 895 818 etiam
925 774 1220 832 expulsionem
1248 773 1428 818 futuram
1459 790 1558 819 esse
1587 783 1849 830 cunctorum,
1881 775 2068 820 ostendit
2097 791 2200 832 quo-

229 843 374 885 niamb
408 842 453 885 in
482 843 631 885 eodem
661 849 874 885 momento
903 840 1231 885 resurrectionis
1259 857 1416 898 magna
1444 842 1584 886 futura
1613 844 1671 886 sit
1700 842 1979 898 diversitas,⁶
2013 849 2059 886 ut
2087 843 2197 886 alius

229 927 306 968 per
335 911 452 967 illam
483 910 537 961 ad
559 910 764 952 honorem
793 910 1061 967 perducatur,
1094 909 1204 952 alius
1224 908 1413 952 mittatur
1441 910 1485 953 in
1507 925 1702 966 poenam.
1762 909 1859 953 Erit
1888 926 1989 968 ergo
2010 912 2201 968 pretiosa

230 979 327 1022 aliis
358 987 402 1021 et
429 978 769 1031 remunerabilis,
802 977 899 1020 aliis
927 977 1073 1033 gravis
1104 982 1231 1032 atque
1261 977 1476 1020 terribilis.
1537 977 1657 1020 Bene
1688 992 1789 1033 ergo
1817 978 1930 1021 inter
1947 977 2127 1035 impium
2158 984 2200 1021 et

233 1052 503 1102 peccatorem
532 1045 635 1087 fecit
665 1044 960 1098 differentiam,
993 1052 1036 1088 et
1065 1044 1218 1100 impios
1249 1045 1419 1101 quidem
1451 1045 1511 1087 ait
1540 1045 1586 1087 in
1614 1044 1819 1087 iudicium
1848 1060 1935 1088 non
1964 1060 2201 1101 resurgere,

229 1114 275 1155 id
307 1121 384 1166 est,
417 1120 462 1155 ut
492 1113 689 1170 superius
721 1112 920 1166 diximus,
951 1127 1040 1155 non
1069 1112 1116 1155 in
1137 1112 1495 1155 examinationem
1524 1112 1685 1166 venire,
1717 1120 1967 1169 peccatores
1989 1119 2129 1156 autem
2159 1114 2205 1156 in

236 1180 420 1223 concilio
451 1180 678 1233 iustorum,
710 1180 792 1223 hoc
824 1186 908 1233 est,
941 1187 987 1222 ut
1016 1180 1136 1223 nulla
1163 1179 1252 1223 illis
1285 1179 1341 1222 sit
1378 1180 1423 1222 in
1453 1180 1662 1224 iustorum
1690 1180 2056 1224 remuneratione6
2091 1196 2206 1223 com-

232 1248 388 1290 munio.
451 1247 691 1290 Tradentur
721 1262 821 1304 ergo
853 1255 896 1290 et
924 1247 1011 1305 ipsi
1041 1247 1288 1304 suppliciis3
1319 1263 1419 1289 nam
1450 1247 1522 1304 qui
1552 1263 1630 1305 per
1659 1253 1839 1304 peccata
1871 1247 2153 1291 excluduntur
2181 1263 2208 1291 a

230 1315 457 1372 praemiis,
490 1331 543 1358 ea
572 1316 665 1358 sine
697 1315 845 1369 dubio,
879 1330 987 1372 quae
1019 1321 1119 1359 sunt
1147 1314 1350 1372 praemiis
1384 1315 1575 1369 diversa,
1613 1314 1841 1371 patientur.
1900 1314 1954 1358 In
1985 1315 2067 1359 hoc
2105 1331 2205 1373 ergo

235 1383 314 1425 erit
345 1382 605 1437 differentia,
644 1390 688 1425 ut
718 1383 839 1441 impii
875 1383 1047 1440 quidem
1076 1388 1303 1439 resurgant
1338 1398 1425 1425 non
1457 1383 1760 1437 discutiendi,⁷
1806 1383 1885 1426 sed
1914 1383 2061 1426 statim
2097 1383 2205 1426 locis

232 1449 425 1492 tristibus
469 1450 722 1507 deputandi,
762 1458 1013 1508 peccatores
1055 1467 1178 1503 vero,
1220 1455 1266 1492 ut
1309 1450 1428 1493 nulla
1464 1450 1590 1495 iustis
1633 1451 1930 1494 communione
1966 1450 2206 1506 iungantur.

232 1516 330 1560 Hoc
367 1525 507 1559 autem
547 1518 926 1562 manifestissimed
961 1535 1014 1562 ex
1042 1519 1110 1562 his
1142 1533 1251 1575 quae
1283 1525 1517 1575 sequuntur
1547 1518 1803 1561 ostenditur:
1852 1518 2050 1575 quoniam
2085 1518 2208 1560 novit

233 1585 428 1628 dominus
460 1586 573 1628 viam
601 1585 828 1639 iustorum,
860 1586 905 1628 id
936 1594 1021 1639 est,
1055 1585 1255 1642 placitam
1286 1584 1367 1628 sibi
1400 1593 1443 1628 et
1471 1592 1693 1641 acceptam
1724 1600 1822 1629 esse
1852 1585 2207 1629 remunerationis

237 1652 481 1697 testimonio
521 1652 788 1709 perdocebit:
839 1659 881 1695 et
909 1653 990 1696 iter
1018 1652 1242 1710 impiorum
1272 1652 1468 1709 peribit.⁸
1531 1653 1634 1695 ldeo
1665 1653 1795 1709 igitur
1831 1669 1919 1696 non
1949 1659 2202 1709 resurgunt⁰

234 1720 376 1778 impii,
419 1721 520 1776 quia
555 1720 744 1763 omnium
779 1721 875 1764 viae
906 1722 1096 1777 perfecta
1134 1722 1202 1764 dei
1240 1720 1393 1765 notitia
1430 1720 1722 1775 continentur,
1762 1728 1890 1778 atque
1922 1722 1974 1765 ab
2004 1721 2088 1764 hoc
2117 1720 2211 1764 sine

236 1788 325 1830 ulla
355 1788 594 1832 delationes
630 1790 989 1832 resurrectionem
1020 1805 1164 1832 eorum
1196 1788 1392 1833 condicio
1425 1794 1468 1830 et
1499 1803 1592 1831 sors
1624 1788 1756 1845 digna
1786 1789 2008 1845 suscipiet.

414 2026 471 2077 G.
534 2028 835 2093 Specimen
872 2029 1211 2093 glossarum
1251 2027 1484 2076 codicis
1519 2027 2024 2076 Carlisruhensis.

552 2150 725 2194 Bedae
755 2151 933 2207 capita
963 2151 1220 2206 quaedam
1250 2149 1585 2193 luculentius
1616 2149 1876 2206 glossata.

346 2262 414 2305 De
442 2270 595 2306 natura
622 2279 762 2306 rerum
792 2279 885 2320 cap.
912 2264 960 2305 V.
1021 2264 1088 2306 De
1118 2264 1394 2306 firmamento.
1457 2262 1635 2306 Caelum
1667 2262 1835 2306 subtilis
1866 2262 2104 2319 igneaeque
2133 2278 2210 2306 na-

236 2337 356 2372 turae
387 2331 696 2387 rotundumque
736 2339 778 2374 et
816 2347 841 2373 a
871 2338 1015 2373 centro
1046 2337 1184 2373 terrae
1224 2331 1372 2387 aequis
1405 2331 1554 2387 spatiis
1590 2331 1774 2387 undique
1806 2330 2055 2383 collectum,
2095 2329 2210 2372 unde

235 2404 300 2440 est
335 2404 376 2440 et
398 2412 635 2440 convexum
666 2399 937 2454 mediumque
969 2414 1223 2455 quacunque
1255 2406 1464 2442 cernatur.
1516 2399 1819 2442 Inenarrabili¹
1858 2397 2076 2442 celeritate
2106 2412 2209 2454 quo-

235 2465 340 2507 tidie
374 2466 606 2520 circumagi
639 2466 856 2521 sapientes
888 2467 1034 2508 mundi
1066 2467 1276 2520 dixerunt,
1307 2467 1368 2508 ita
1399 2473 1444 2508 ut
1472 2473 1628 2518 rueret,
1660 2466 1697 2509 si
1726 2482 1813 2509 non
1841 2466 2106 2522 planetarum
2139 2480 2211 2508 oc-

237 2547 367 2574 cursu
398 2533 653 2586 moderetur,
684 2542 931 2589 argumento
965 2534 1151 2577 siderum
1180 2534 1379 2587 nitentes,
1413 2549 1520 2590 quae
1550 2535 1636 2576 fixo
1669 2548 1836 2590 semper
1867 2548 1996 2576 cursu
2025 2533 2208 2576 circum-

235 2600 390 2651 volant,
426 2601 835 2656 septentrionalibus
868 2602 1085 2644 breviores
1116 2603 1268 2658 gyros²
1307 2602 1421 2645 circa
1450 2601 1664 2644 cardinem
1696 2601 2014 2658 peragentibus.
2075 2599 2210 2644 Cuius

237 2667 416 2709 vertices
448 2673 674 2721 extremos,
708 2683 817 2724 quos
848 2669 983 2711 circa³
1022 2668 1203 2725 sphaera
1233 2669 1341 2712 caeli
1371 2669 1573 2723 volvitur,
1602 2668 1726 2724 polos
1747 2673 2006 2725 nuncupant,
2038 2668 2210 2724 glaciali

234 2734 373 2790 rigore
404 2736 609 2778 tabentes.
673 2735 840 2778 Horum
879 2750 988 2777 unus
1026 2736 1079 2777 ad
1111 2736 1487 2792 septentrionalem
1528 2736 1698 2793 plagam
1736 2749 2000 2791 consurgens
2040 2735 2205 2787 boreas,

236 2801 340 2844 alter
372 2802 560 2845 devexus
592 2803 634 2844 in
667 2811 837 2845 austros
867 2809 1092 2859 terraeque
1123 2804 1347 2859 oppositus
1379 2803 1578 2846 australis
1608 2808 1803 2856 vocatur,
1843 2817 1970 2858 quem
1997 2801 2202 2844 interiora

237 2870 370 2911 austri
402 2871 613 2927 scriptura
645 2878 795 2913 sancta
823 2870 1027 2913 nominat.

287 2993 622 3082 &latfiiiationem
696 2995 718 3032 b
753 2995 855 3045 quod
924 3006 944 3031 c
982 2993 1202 3031 differentia
1267 2994 1292 3032 d
1320 2994 1562 3031 manifestius
1628 3006 1650 3030 e
1689 2994 1779 3031 add.
1807 2994 1857 3030 ad
1886 2991 2210 3031 examinationem

237 3057 258 3080 e
315 3058 327 3081 ι
345 3056 367 3081 a
385 3057 472 3083 ione

334 3190 370 3221 11
401 3186 524 3221 Iaomzib
549 3186 752 3230 ianfaz'qtlcib
776 3186 915 3221 mesidib
967 3191 1006 3221 12
1034 3187 1206 3222 innakist'n
1257 3189 1304 3221 13'
1323 3196 1494 3221 urano-ssa
1546 3189 1584 3220 14
1611 3184 1688 3219 dein
1737 3188 1778 3221 15
1803 3184 1971 3228 roitlfiter

330 3234 417 3273 (15¹)
471 3238 482 3266 l
510 3223 666 3266 ssdnasz'd‘
708 3237 727 3266 2
754 3233 786 3268 ‚22
813 3233 847 3266 πὶ
873 3232 986 3267 dilcud
1007 3234 1128 3279 esoeryz'
1151 3231 1317 3267 asrubart
1339 3243 1411 3267 som

331 3281 349 3311 3
376 3278 418 3312 do
434 3289 500 3312 mas>
548 3282 569 3312 4
594 3278 784 3322 coarsemat
831 3283 850 3312 5
876 3280 927 3320 (in
944 3281 1063 3324 marg.)
1088 3278 1297 3313 nadnetmaz*
1309 3277 1593 3312 andumenmami
1616 3276 1649 3312 .i.
1669 3276 1992 3311 arnatomnamarni
2037 3278 2058 3310 6
2081 3274 2209 3309 1ιίίίπά-

238 3324 345 3357 nac-ul
356 3324 542 3367 socleraice
591 3328 607 3357 7
636 3324 788 3358 arambet
812 3324 927 3358 etailsi
973 3328 992 3358 8
1019 3325 1052 3360 .i.
1077 3324 1185 3359 lauare
1208 3323 1382 3359 nadrobde
1402 3322 1443 3358 ‘m‘
1467 3322 1511 3357 do
1536 3322 1726 3368 deynz'maib
1751 3322 1804 3356 lew

331 3385 397 3426 (Cr.
428 3388 499 3425 18²²)
552 3390 564 3418 ι
591 3386 635 3420 isi
660 3385 766 3421 ade'ne
788 3387 839 3428 (in
862 3387 935 3421 cod.
961 3386 1143 3421 inerrabili
1166 3386 1350 3427 celeritate)

332 3434 350 3465 2
378 3441 462 3464 curu
510 3435 529 3466 3
555 3431 743 3465 aleinesmdib
