2336 3736
271 258 356 300 934
386 259 575 299 (910-911)
760 257 836 301 VI.
871 261 906 301 1.
957 271 1273 304 cousrnnc'rm
1304 272 1439 303 vnum
1467 273 1745 304 nnn-Amor,

275 381 486 436 cuiquam,
519 380 710 423 dedisset
739 381 792 423 ad
823 383 995 424 verbum
1028 382 1080 425 O.
1111 384 1225 439 regis
1256 383 1516 439 Hiberniae)
1538 385 1577 436 2,
1599 385 1694 426 240.
1745 398 1796 426 ac
1824 384 2015 426 ‘nawnaei
2029 399 2118 440 wyr
2134 398 2239 441 ynys

267 448 447 502 prydein
479 447 677 502 ylluydeu
714 463 844 489 mawr-
879 449 1018 504 kyrmy
1053 450 1160 505 yneb
1197 465 1353 506 namyu
1393 452 1458 492 idi
1492 452 1537 492 ki
1576 450 1677 505 (nec
1714 450 1923 494 fecissent
1957 450 2039 493 viri
2073 451 2239 496 insulae

272 510 518 557 Britanniae
561 514 654 557 vias
702 530 878 571 magnas
916 516 1014 559 illas
1063 517 1263 573 cuiquam
1301 516 1387 560 nisi
1424 517 1506 571 illi,
1547 517 1733 573 mulieri)
1773 518 1818 568 3,
1851 517 1947 559 272.
2012 516 2095 562 Vel
2139 533 2238 575 pro-

273 579 460 623 miscuae
497 582 770 625 inveniuntur
808 583 981 626 duorum
1020 590 1256 641 temporum
1295 585 1475 627 formae:
1520 585 1590 640 pei
1631 585 2109 641 asyorchymmynnassut
2146 599 2240 640 nys-

269 647 420 702 9adwn
460 648 519 702 (si
549 649 593 691 id
624 650 892 703 mandasses,
925 666 1011 694 non
1043 651 1298 695 dimisissem
1331 652 1446 706 eum)
1478 654 1526 704 2,
1559 653 1626 694 48.
1686 650 1848 695 Contra
1876 651 2047 693 cornice
2079 658 2120 694 et
2149 667 2240 695 are-

272 713 430 756 morice
459 715 615 760 formas
647 717 860 773 praeteriti
893 719 1135 761 secundarii
1169 719 1367 775 usurpari
1397 733 1492 761 cum
1524 718 1839 775 significatione
1876 719 2115 774 praesentis
2150 719 2241 775 (vel

272 778 423 836 futuri)
453 784 706 837 secundarii,
739 786 933 841 exempla
961 786 1083 842 plura
1114 801 1240 843 supra
1271 786 1492 843 proposita
1521 786 1753 828 ostendunt
1781 785 1843 841 (p.
1876 786 1957 827 526
1989 785 2119 841 sqq.)

386 848 631 894 Infinitivus
667 852 892 896 britannici
922 854 1062 906 verbi,
1104 854 1214 896 sicut
1242 853 1471 905 hibernici,
1503 860 1696 896 naturam
1735 858 1945 895 servatam
1984 853 2243 895 substantivi

274 930 376 971 prae
406 931 453 960 se
481 918 563 960 fert
590 920 839 975 praemissis
868 920 1110 976 frequenter
1138 920 1542 977 praepositionibus,
1576 928 1622 962 ut
1648 920 1804 976 ywedy,
1834 919 1919 972 heb,
1949 934 2025 962 ‘rac
2055 926 2134 962 etc.
2167 920 2240 975 (cf,

274 999 345 1039 pp.
379 985 474 1027 678.
516 987 611 1028 679.
653 987 769 1042 688).
830 986 941 1031 Cum
981 989 1108 1031 certis
1148 988 1401 1043 quibusdam
1444 987 1854 1044 praepositionibus,
1893 993 1940 1029 ut
1980 987 2143 1029 cambr.‘
2170 1002 2240 1043 yn,

275 1066 391 1094 corn.
423 1067 500 1102 ow,
533 1068 660 1098 arem.
690 1069 784 1107 ouz,
815 1055 1051 1098 infinitivus
1083 1055 1355 1098 substituitur
1383 1070 1459 1111 pro
1499 1054 1725 1112 participio
1764 1053 2003 1111 praesentis
2043 1053 2127 1112 (sz
2154 1053 2240 1096 hib.

273 1134 332 1172 oc,
364 1135 404 1175 p.
435 1121 552 1176 924).
614 1120 749 1164 Cuius
789 1137 891 1164 usus
921 1122 1156 1165 communis
1185 1121 1472 1164 dialect-,orum
1510 1121 1842 1164 britannicarum
1881 1121 2076 1177 exempla
2114 1135 2244 1177 supra

275 1187 387 1228 inter
416 1186 572 1231 formas
603 1190 723 1232 verbi
754 1189 882 1232 allata
913 1197 1015 1232 sunt
1040 1189 1101 1246 (p
1137 1188 1254 1243 538).

386 1254 589 1311 Inprimis
621 1264 761 1299 autem
780 1257 952 1314 propria
981 1257 1315 1300 britannicarum
1347 1257 1622 1300 dialectorum
1654 1263 1720 1299 est
1749 1256 1823 1299 illa
1855 1256 2128 1309 constructio,
2159 1269 2244 1312 qua

275 1323 513 1369 infinitivus
552 1325 671 1367 verbi
706 1326 815 1367 finiti
853 1325 948 1368 vice
975 1325 1187 1380 fungitur,
1218 1340 1305 1367 non
1334 1326 1458 1368 modo
1497 1325 1608 1368 sicut
1636 1324 1885 1367 Latinorum
1916 1323 2244 1367 infinitivushi-

277 1391 459 1434 storicus
495 1405 573 1447 per
610 1406 656 1433 se
686 1393 853 1448 positus
892 1393 1084 1446 omissis,
1127 1407 1236 1448 quae
1267 1408 1396 1449 saepe
1435 1393 1666 1445 adduntur,
1706 1391 1848 1434 verbis
1887 1406 2014 1434 aoruc
2053 1391 2120 1434 vel
2159 1406 2242 1434 aw-

277 1459 399 1501 naeth
436 1458 601 1514 (fecit),
642 1460 717 1502 sed
755 1460 886 1502 etiam
922 1468 968 1503 ut
998 1461 1173 1503 verbum
1202 1461 1368 1503 finitum
1409 1468 1612 1517 sequatur
1641 1459 1878 1502 infinitivus
1919 1473 2012 1502 cum
2042 1460 2243 1503 coniunc-

277 1527 393 1569 tione
430 1526 693 1582 copulativa:
744 1544 793 1570 ac
830 1537 991 1584 wynteu
1028 1544 1076 1570 ac
1103 1529 1389 1584 ,qomedassa-nt
1419 1529 1638 1584 aclywedut
1674 1527 1738 1582 (et
1773 1527 1837 1569 illi
1865 1527 1909 1569 id
1940 1532 2246 1570 recusaverunt

279 1601 320 1636 et
356 1594 573 1648 dixerunt)
618 1593 732 1636 Mab.
781 1598 818 1647 l,
860 1598 953 1638 273.
1024 1595 1146 1650 Quae
1197 1596 1457 1638 constructio
1505 1596 1674 1638 cornice
1718 1596 1764 1637 in
1807 1595 1949 1651 legem
1983 1596 2072 1637 fere
2118 1595 2242 1638 abiit:

277 1676 372 1715 may
403 1661 492 1714 36ύή
522 1677 610 1702 urar
641 1662 712 1703 ben
740 1677 769 1717 y
797 1664 973 1719 'Jewleytz
1002 1665 1057 1705 ha
1081 1678 1180 1718 pesy
1207 1678 1262 1719 yn
1295 1663 1466 1705 ketelma
1496 1662 1563 1717 (ut
1591 1664 1889 1719 procumberet
1918 1663 1965 1704 in
1984 1677 2124 1718 genua
2154 1677 2244 1714 sua,

280 1735 322 1770 et
369 1734 511 1771 oraret
548 1728 629 1771 hoo
669 1730 815 1784 modo)
846 1730 894 1772 Ρ.
927 1732 1000 1784 54,
1045 1733 1085 1778 4.
1157 1729 1317 1773 Contra
1356 1732 1527 1782 inverso
1568 1732 1716 1773 ordine
1753 1731 1798 1772 in
1828 1731 2018 1774 oratione
2051 1730 2242 1786 obliqua:

280 1797 465 1852 αηιεηρρί
493 1797 627 1837 udum
656 1806 724 1839 τιού
752 1813 779 1854 y
809 1799 1030 1841 leiarlcaech,
1057 1814 1114 1854 yn
1144 1799 1273 1840 wedu.
1334 1815 1382 1841 ac
1412 1814 1468 1840 ἰια
1497 1799 1582 1840 ellz't
1607 1814 1635 1854 y
1667 1799 1844 1853 cltymzal
1873 1807 1968 1854 onyzi
1997 1812 2019 1839 ο
2049 1797 2178 1839 starola
2199 1812 2247 1840 ac

279 1878 409 1905 arueu
438 1864 720 1920 amilwryaeth
751 1865 815 1919 (et
843 1872 1078 1909 monstrare
1098 1865 1167 1918 iis,
1202 1881 1297 1908 esse
1320 1865 1560 1908 comitatum
1583 1881 1704 1910 suum
1724 1865 1994 1908 indefensum
2014 1879 2094 1907 nec
2114 1879 2244 1920 posse

279 1932 442 1974 servari
471 1931 557 1975 nisi
589 1946 698 1988 equo
730 1938 772 1974 et
801 1933 928 1976 armis
959 1940 1001 1976 et
1033 1934 1186 1976 virtute
1218 1933 1392 1988 bellica)
1424 1932 1538 1977 Mab.
1573 1936 1611 1987 1,
1645 1934 1712 1976 20.
1742 1935 1809 1976 21.

926 2205 1172 2256 CAPUT
1217 2205 1590 2256 ALTERUM.

755 2330 830 2377 De
867 2331 1228 2379 constructione
1268 2331 1500 2379 orationis
1537 2330 1770 2396 poeticae.

394 2461 598 2517 Proprius
637 2460 805 2504 habitus
844 2473 969 2519 atque
1008 2471 1181 2507 ornatus
1219 2464 1425 2507 orationis
1465 2465 1677 2521 poeticae,
1726 2481 1809 2522 quo
1849 2465 2051 2508 distincta
2087 2463 2250 2506 recedit
2303 2471 2306 2474 ’

282 2545 307 2571 a
337 2530 614 2571 similitudine
646 2531 853 2572 sermonis
885 2531 1098 2583 cotidiani,
1132 2532 1356 2575 admodum
1386 2534 1558 2575 varians
1580 2533 1692 2588 apud
1721 2533 1862 2575 varios
1893 2529 2091 2590 populos,
2123 2530 2248 2573 modo

281 2606 516 2652 temporum
556 2597 717 2638 ratione
756 2597 948 2651 efficitur,
990 2600 1112 2641 modo
1150 2601 1428 2656 congruentia
1467 2616 1683 2649 sonorum,
1722 2616 1815 2642 cum
1846 2600 1918 2642 alii
1948 2614 2029 2642 nec
2056 2598 2138 2640 hoc
2169 2612 2248 2641 nec

284 2665 355 2706 illo
392 2666 515 2706 modo
557 2666 619 2705 usi
661 2665 764 2706 satis
803 2666 988 2708 habeant
1017 2682 1161 2722 parem
1192 2667 1451 2723 syllabarum
1481 2683 1698 2710 numerum
1741 2668 1935 2710 versibus
1972 2666 2175 2709 tribuisse
2208 2671 2250 2707 ut

283 2732 392 2784 Indi,
424 2741 497 2774 aut
518 2732 821 2774 sententiarum
845 2734 1053 2788 quandam
1076 2735 1430 2790 aequabilitatem,
1463 2735 1791 2790 parallelismum
1814 2750 1938 2790 quem
1961 2733 2118 2787 dicunt,
2150 2748 2249 2786 con-

284 2800 491 2841 struxisse
523 2805 568 2840 ut
598 2798 800 2842 Hebraei.
858 2801 902 2842 A
934 2800 1115 2846 Graecis
1147 2810 1189 2846 et
1217 2802 1409 2855 Latinis,
1440 2817 1621 2859 quorum
1651 2802 1839 2844 carmina
1866 2808 2013 2854 metro,
2043 2800 2158 2858 quod
2187 2800 2250 2842 di-

284 2875 406 2919 cunt,
456 2867 724 2910 continentur
761 2868 829 2910 vel
870 2875 984 2912 certa
1020 2871 1184 2913 ratione
1233 2880 1275 2912 et
1311 2870 1460 2913 ordine
1502 2870 1760 2926 syllabarum
1790 2870 2013 2926 longarum
2049 2869 2119 2911 vel
2155 2868 2250 2910 bre-

285 2935 419 2986 vium,
458 2934 656 2976 differunt
695 2936 890 2978 nationes
929 2937 1285 2992 septentrionales
1316 2937 1537 2994 Europae,
1577 2952 1686 2994 quae
1725 2938 1939 2994 pertinent
1966 2937 2020 2980 ad
2048 2936 2250 2983 familiam

285 3002 650 3057 indeuropaeam*,
687 3013 727 3044 ut
758 3010 906 3058 gentes
939 3012 980 3047 et
1010 3004 1319 3048 Germanorum
1351 3013 1393 3047 et
1423 3004 1636 3058 Celticae,
1676 3020 1852 3061 quarum
1890 3005 2075 3046 omnium
2114 3004 2249 3046 oratio

286 3068 453 3125 poetica
498 3070 727 3111 secundum
773 3071 818 3112 id
857 3074 967 3128 quod
1007 3074 1271 3128 exploratum
1319 3080 1384 3116 est
1421 3080 1503 3115 tam
1551 3074 1603 3115 de
1642 3072 1946 3124 scandinavia,
1995 3071 2248 3123 saxonibus,

286 3136 453 3192 Anglis,
487 3135 720 3178 Baiovariis
752 3152 876 3193 quam
909 3140 959 3182 de
981 3139 1187 3183 Hibernis
1219 3147 1260 3182 et
1288 3139 1484 3185 Cambris
1517 3141 1710 3193 vetustis,
1743 3154 1944 3182 sonorum
1975 3138 2253 3194 congruentia

287 3205 566 3255 constituitur,
599 3210 687 3245 tum
718 3205 1027 3262 principalium,
1058 3215 1148 3250 tum
1177 3207 1381 3256 finalium.

378 3327 390 3339 ⁴
415 3326 537 3361 Nescio
568 3338 613 3361 an
647 3330 737 3364 idem
770 3340 841 3363 mos
872 3330 918 3364 sit
949 3331 1094 3366 aliorum
1121 3331 1323 3375 populorum
1349 3330 1503 3365 diversae
1533 3331 1680 3376 orginis,
1712 3333 1753 3364 ut
1784 3331 2027 3377 Tungusorum
2061 3329 2251 3367 secundum

287 3383 343 3412 ea,
369 3383 464 3453 ἔξω
500 3374 882 3454 ρτοὶθῖᾏϊῦαὴειθηῐίαε
913 3377 950 3410 in
981 3377 1208 3420 grammatica.
1241 3376 1381 3410 dialecti
1414 3377 1487 3412 eius
1521 3378 1670 3411 nationis
1701 3375 1872 3419 <metuens
1904 3377 1946 3412 de
1978 3376 2010 3410 la
2049 3377 2252 3422 grammaire

287 3428 368 3453 man
393 3429 409 3452 c
437 3429 510 3461 oue,
535 3430 569 3465 p.
661 3431 686 3463 ).
