2336 3736
288 275 370 321 942
400 279 596 319 (⁹21-1134
612 280 677 322 stt)
792 276 866 319 VI‘.
900 279 938 320 2.
990 289 1307 321 cous'rnuc'rlo
1339 290 1535 322 resnou
1564 292 1829 324 Hmmzmci.

609 399 808 447 Quomodo
836 401 976 438 bonu-m
1003 401 1052 437 ob
1079 405 1087 449 Ι
1117 404 1241 438 actum
1268 401 1289 448 Η
1319 401 1511 439 similatur
1540 400 1546 450 Ι
1576 404 1732 454 angelis,

609 461 898 512 Perfectamque
926 467 1084 512 propter
1111 463 1230 500 vitam
1257 464 1276 508 11
1307 461 1313 505 Ι
1344 471 1532 514 aequatur
1560 461 1568 508 Ι
1599 468 1790 516 apostolis.

659 523 779 561 Beata
808 526 814 571 Ι
842 523 990 562 Christi
1017 525 1024 571 Ι
1057 524 1226 562 custodit
1254 526 1271 576 Η
1301 525 1486 564 mandata
1512 528 1551 564 in
1581 529 1771 578 omnibus,

608 594 613 640 fl
643 586 765 624 Cuius
797 590 803 635 Ι
832 599 950 636 opera
977 587 1172 636 refulgent
1198 592 1218 638 Η
1250 588 1256 630 ἱ
1287 587 1392 625 clara
1419 588 1522 626 inter
1553 588 1560 633 l
1586 590 1771 640 homines,

607 657 614 702 ι
644 648 899 698 Sanctamque
929 649 1038 687 cuius
1069 648 1075 698 ί
1106 653 1319 699 sequuntur
1348 652 1353 696 Ι
1396 652 1614 701 exemplum
1645 658 1651 706 Ι
1680 655 1891 703 mirificum,

607 710 718 749 Unde
746 716 786 749 et
812 712 850 748 in
880 710 996 748 caelis
1021 715 1171 761 patrem
1201 716 1219 761 Η
1252 710 1258 758 Ι
1288 714 1535 763 magnificant
1561 714 1767 754 dominum.

396 785 588 842 Pergunt
607 785 668 827 ita
688 784 886 842 strophae
917 800 1053 841 usque
1084 786 1139 828 ad
1160 786 1191 828 Z
1214 802 1411 829 versuum
1442 795 1753 844 quaternorum,
1787 805 1963 846 quorum
1983 791 2255 836 hemistichia
2321 804 2323 806 ’

288 854 432 910 priora
462 853 682 895 continent
709 859 886 895 octonas
909 852 1109 908 syllabas,
1141 855 1380 910 posteriora
1400 862 1615 912 septenas.
1666 856 1715 898 In
1740 857 1928 900 secundo
1947 873 2075 901 versu
2097 860 2255 915 primae

285 920 483 978 strophae
516 920 776 976 syllabarum
804 935 1003 962 numerus
1036 921 1200 964 Patrio?
1227 923 1370 979 poscit
1397 937 1474 978 pro
1501 923 1690 976 Patricia
1722 939 1861 981 neque
1895 926 2008 968 enim
2039 927 2180 970 solent
2208 928 2254 981 in

286 989 352 1031 his
385 987 485 1030 elidi
515 987 700 1031 vocales.

396 1055 503 1098 Post
539 1055 758 1112 stropham
785 1053 817 1096 Z
848 1056 962 1112 apud
995 1055 1275 1099 Muratorium
1305 1056 1493 1113 (Anecd.
1524 1057 1665 1101 Latin.
1697 1058 1809 1114 IV*)
1845 1059 2001 1114 legitur
2035 1060 2160 1115 haec,
2198 1063 2253 1106 ab

288 1124 372 1167 alio
404 1130 575 1166 auctore
606 1122 720 1164 haud
749 1122 877 1165 dubie
907 1123 1071 1166 addita:

656 1200 844 1239 Patricius
871 1204 879 1251 Ι
910 1202 1110 1252 episcopus
1140 1208 1145 1254 ι
1188 1207 1195 1253 Ι
1224 1206 1309 1240 oret
1335 1215 1405 1253 pro
1433 1203 1543 1241 nobis
1573 1213 1578 1257 ἷ
1608 1204 1795 1254 omnibus,

604 1263 660 1302 Ut
686 1262 889 1302 deleantur
917 1270 924 1318 1
952 1264 1125 1314 protinus
1156 1272 1175 1318 Η
1204 1273 1209 1316 Ι
1240 1269 1398 1314 peccata
1424 1277 1522 1315 quae
1551 1267 1826 1305 commisimus.

603 1324 750 1364 Patrici
775 1325 911 1364 laudes
941 1332 958 1376 Η
987 1331 992 1381 Ι
1024 1339 1177 1377 semper
1204 1327 1388 1375 dieamus,

611 1388 660 1427 Ut
687 1400 756 1427 nos
783 1401 872 1426 cum
895 1388 962 1426 illo
995 1396 1013 1444 Η
1043 1396 1050 1442 Ι
1080 1403 1233 1441 semper
1259 1392 1444 1429 vivamus.

395 1464 578 1508 Prorsus
609 1463 721 1506 enim
751 1462 892 1505 differt
920 1470 962 1506 et
992 1464 1250 1520 syllabarum
1279 1480 1455 1507 numero
1488 1472 1529 1507 et
1559 1466 1865 1509 consonantiae
1896 1467 2073 1511 ratione.
2133 1467 2251 1511 Duo-

283 1547 374 1577 rum
412 1547 608 1576 versuum
638 1530 823 1587 priorum
854 1532 1135 1574 consonantia
1163 1533 1461 1590 monosyllaba
1501 1533 1729 1588 dupliciter
1764 1535 2056 1590 copulatorum
2086 1535 2255 1592 singula

282 1600 554 1646 hemistichia
589 1605 765 1642 octonas
797 1597 983 1653 syllabas
1015 1601 1253 1654 continent,
1285 1600 1564 1657 posteriorum
1597 1602 1881 1645 consonantia
1908 1603 2121 1659 bisyllaba
2150 1603 2253 1646 sim-

286 1668 455 1724 pliciter
483 1668 720 1711 iunctorum
751 1665 917 1721 quinas.

394 1734 601 1778 Eiusdem
637 1733 780 1786 metri,
819 1733 940 1775 cuius
972 1733 1152 1790 hymnus
1192 1735 1427 1779 Secundini
1467 1735 1511 1778 in
1551 1735 1594 1780 S.
1626 1735 1860 1780 Patricium
1898 1737 1987 1795 (ap.
2025 1737 2180 1781 Murat.
2211 1753 2252 1794 p.

288 1803 407 1857 136),
444 1809 695 1844 octonarum
733 1799 990 1856 syllabarum
1027 1803 1071 1844 in
1110 1804 1343 1860 prioribus,
1388 1809 1666 1860 septenarum
1702 1803 1747 1845 in
1778 1805 2087 1861 posterioribus
2118 1805 2253 1847 hemi-

283 1870 470 1922 stichiis,
518 1877 585 1912 est
621 1868 823 1925 Hymnus
863 1867 906 1912 S.
947 1868 1163 1913 Camelaci
1204 1872 1265 1928 (p.
1311 1871 1433 1927 142),
1475 1872 1603 1914 trium
1643 1872 1931 1929 stropharum,
1972 1888 2145 1930 quarum
2187 1879 2256 1915 est

283 1953 442 1996 prima:

661 2024 667 2071 1
698 2015 841 2054 Audite
871 2022 877 2066 Ι
907 2016 1046 2053 bonum
1075 2024 1081 2066 ι
1112 2017 1329 2067 exemplum
1357 2026 1375 2069 Η
1408 2024 1414 2068 j
1444 2018 1638 2056 benedicti
1664 2022 1845 2068 pauperis

658 2079 665 2129 l
696 2078 891 2118 Camelaci
917 2086 924 2131 Ι
954 2077 1182 2128 Cumiensis,
1215 2086 1230 2133 Η
1262 2080 1325 2118 dei
1350 2080 1444 2118 iusti
1469 2080 1616 2120 famuli.

658 2143 663 2186 1
692 2141 926 2191 Exemplum
954 2142 1116 2191 praebet
1143 2142 1183 2179 in
1210 2147 1291 2181 toto
1325 2151 1342 2200 Η
1370 2143 1495 2181 fidelis
1524 2144 1564 2181 in
1594 2149 1600 2194 Ι
1630 2155 1746 2193 opere

659 2203 741 2254 [Et]
770 2205 913 2255 gratias
939 2205 1012 2243 deo
1039 2214 1046 2257 1
1076 2217 1196 2254 agens
1224 2215 1242 2258 Η
1277 2213 1283 2258 5
1311 2205 1441 2243 hilaris
1467 2206 1507 2244 in
1539 2214 1546 2265 Ι
1573 2206 1820 2244 οωῃίῧυ8.”

396 2289 564 2343 Quinas
608 2290 926 2347 inp-loribus,
973 2298 1173 2347 septenas
1193 2291 1255 2333 -in
1293 2292 1603 2348 posterioribus
1648 2292 1847 2335 membris
1893 2291 2081 2348 syllabas
2126 2290 2255 2333 habet

284 2357 483 2418 Hymnus
512 2359 803 2414 apostolorum
832 2358 894 2415 (p.
932 2359 1043 2414 129),
1077 2359 1337 2415 compositus
1368 2359 1565 2403 distichis
1596 2375 1690 2403 cum
1720 2359 2004 2403 consonantia
2032 2358 2148 2400 finali
2181 2364 2255 2400 aut

285 2426 578 2483 contraposita
607 2433 679 2469 aut
708 2426 965 2483 copulativa,
999 2433 1045 2468 ut
1073 2426 1118 2468 in
1149 2426 1337 2483 strophis
1372 2430 1391 2470 1
1427 2435 1468 2471 et
1498 2427 1543 2470 8:

376 2564 392 2582 ⁸
417 2563 444 2598 E
470 2562 703 2598 vetustissimo
727 2562 969 2607 antiphonario
993 2562 1193 2596 monasterii
1217 2562 1468 2596 Benchorensis
1492 2562 1530 2596 in
1554 2561 1729 2602 Hibernia,
1754 2561 1846 2606 quod
1861 2561 2071 2596 Muratorius
2095 2570 2114 2594 e
2135 2559 2253 2594 codice
2285 2588 2288 2589 γ

286 2610 510 2645 bibliothecae
541 2608 792 2644 Ambrosianus
820 2611 936 2653 (quem
968 2607 1092 2641 tribuit
1120 2607 1195 2652 ipse
1225 2608 1361 2642 saeculo
1390 2610 1530 2648 octavo,
1561 2607 1706 2652 Antiqq.
1739 2607 1815 2642 Ital.
1840 2610 1880 2648 3,
1905 2609 1992 2648 669;
2026 2606 2162 2646 saeculo
2187 2605 2252 2639 VII

286 2657 336 2690 vel
365 2655 444 2690 VIII
467 2656 544 2689 Am.
569 2654 716 2698 Peyron,
741 2653 812 2688 Cic.
837 2655 923 2688 orat.
946 2652 1066 2695 fragm.
1092 2652 1182 2687 ined.
1209 2664 1242 2698 p.
1268 2655 1348 2695 224)
1373 2653 1484 2687 edidit
1507 2654 1543 2687 in
1568 2655 1660 2686 tomo
1683 2652 1734 2687 IV
1757 2653 2025 2687 Anecdotorum.

377 2701 412 2720 ‘¹‘
437 2700 606 2746 Congruit
629 2710 710 2734 cum
734 2699 796 2734 hoc
822 2702 929 2733 metro
953 2699 1186 2733 Romanorum
1212 2701 1411 2733 tetrameter
1435 2698 1669 2739 catalecticus,
1695 2708 1773 2732 cum
1791 2699 1946 2743 proximo
1961 2698 2116 2732 trimeter
2140 2699 2252 2731 acam-

286 2748 404 2782 lectus.
453 2746 542 2781 nlud
567 2747 635 2780 iam
660 2745 754 2790 apud
777 2745 925 2781 comicos
948 2744 1137 2784 invenitur,
1162 2744 1283 2788 purius
1307 2746 1400 2789 apud
1424 2744 1669 2779 Terentianum
1693 2744 1862 2786 Maurum,
1887 2746 1928 2778 ut
1950 2743 1994 2778 in.
2006 2743 2062 2778 his
2078 2742 2251 2778 versibus:

690 2801 795 2836 Nulla
818 2812 883 2836 vox
907 2801 1059 2836 humana
1082 2802 1221 2834 constat
1239 2799 1257 2846 Η
1274 2801 1404 2846 absque
1429 2803 1562 2845 septem
1588 2801 1726 2842 litteris,

690 2847 770 2882 Rite
794 2847 927 2882 vocales
951 2846 1086 2881 vocavit
1107 2845 1124 2889 Η
1144 2855 1229 2890 quas
1254 2847 1420 2891 magistra
1444 2846 1597 2881 Graecia.

288 2907 351 2941 Vel
375 2906 411 2939 in
435 2905 523 2944 iuis,
546 2914 631 2948 quos
656 2906 776 2939 cantos
808 2913 882 2938 esse
906 2914 927 2937 a
957 2903 1125 2937 militibus
1157 2901 1309 2937 Caesaris
1342 2903 1446 2937 refert
1479 2903 1664 2938 Suetonius
1694 2903 1771 2944 (Iul.
1805 2903 1901 2937 Caes,
1933 2913 1962 2936 c.
1995 2904 2071 2944 49):
2120 2896 2258 2935 Gallico.

286 2951 461 2996 triumpho
485 2950 613 2984 milites
637 2950 712 2984 eius
737 2950 828 2985 inter
852 2953 966 2984 cetera
989 2949 1151 2990 earmina,
1176 2949 1292 2993 qualia
1317 2958 1455 2982 currum
1480 2951 1727 2993 prosequentes
1751 2949 1948 2983 ioculariter
1971 2950 2122 2987 canunt,
2147 2946 2252 2981 etiam

288 2996 570 3043 vulgatissimum
594 2995 679 3029 illud
706 2996 1038 3041 pronuntiaverunt:

693 3050 821 3085 Gallias
847 3051 971 3086 Caesar
996 3050 1144 3095 subegit,
1171 3050 1193 3094 Η
1213 3049 1415 3085 Nicomedes
1441 3050 1633 3085 Caesarem.

693 3096 782 3131 Ecce
807 3095 934 3131 Caesar
957 3106 1053 3130 nunc
1079 3096 1284 3140 triumphat,
1310 3096 1328 3139 Η
1348 3097 1406 3140 qui
1432 3097 1572 3140 subegit
1595 3096 1742 3138 Gallias;

692 3142 894 3177 Nicomedes
919 3152 990 3176 non
1015 3142 1220 3185 triumphat,
1246 3142 1265 3186 ΙΙ
1292 3142 1351 3186 qui
1377 3142 1513 3186 subegit
1538 3141 1728 3176 Caesarem.

287 3201 348 3236 Vel
377 3210 460 3245 quos
484 3200 591 3233 tradit
614 3199 703 3234 idem
727 3198 853 3233 ibidem
879 3209 907 3232 c.
934 3201 993 3231 80:

693 3255 809 3290 Gallos
835 3254 960 3289 Caesar
984 3254 1022 3288 in
1047 3255 1263 3299 triumphum
1292 3254 1308 3297 Η
1337 3255 1444 3295 ducit,
1469 3255 1556 3288 idem
1584 3255 1621 3288 in
1645 3255 1740 3288 curia

692 3301 782 3336 Galli
807 3301 947 3334 braccas
973 3300 1216 3345 deposuerunt,
1245 3301 1262 3344 Η
1291 3302 1398 3335 latum
1427 3301 1560 3334 clavum
1586 3302 1821 3344 sumpserunt,

288 3358 377 3393 Casu
399 3362 512 3393 tamen
544 3369 621 3392 cum
648 3358 702 3392 his
726 3367 923 3400 congruere,
948 3367 1014 3390 non
1041 3366 1114 3390 esse
1140 3359 1396 3401 transumptum
1424 3360 1566 3390 metrum
1598 3357 1823 3396 hibernicum,
1849 3366 1924 3389 cum
1951 3354 2175 3389 consonantia
2200 3357 2247 3390 hi-

289 3405 436 3445 bernica,
461 3407 533 3438 tum
561 3404 623 3437 hoe
648 3403 901 3447 comprobatur,
926 3402 1016 3447 quod
1042 3402 1132 3435 idem
1159 3406 1305 3436 metrum
1331 3405 1368 3436 in
1395 3403 1566 3436 hodiernis
1601 3402 1714 3446 populi
1742 3402 1915 3435 aremorici
1941 3400 2150 3434 carminibus
2183 3412 2249 3436 ser-

289 3453 389 3483 vatur
415 3452 460 3493 (p.
488 3450 566 3491 972,
591 3451 688 3492 not),
713 3451 825 3483 ortum
850 3448 941 3482 haud
967 3448 1070 3481 dubie
1094 3458 1134 3481 ex
1160 3448 1236 3491 ipsa
1258 3449 1382 3483 celtica
1407 3458 1565 3482 versuum
1593 3450 1776 3481 structura.
