2336 3736
526 231 580 276 V.
613 233 650 275 2.
696 242 970 275 conrosrrxo
1000 241 1246 274 mssutuca
1273 241 1502 274 sommum.
1672 231 1882 272 (818—820)
1928 231 2010 273 853

739 555 955 609 CAPUT
991 553 1341 608 ALTERUM.

799 678 872 726 De
901 677 1270 741 compositione.

169 825 504 881 Compositionis
533 824 732 867 facultate
762 822 908 878 lingua
939 822 1090 865 celtica
1119 838 1205 865 non
1237 823 1348 865 cedit
1378 822 1433 864 iis
1464 822 1618 877 linguis
1652 823 1871 867 affinibus.
1903 839 2008 879 quae

58 901 103 936 ut
134 892 288 941 indica,
319 907 486 947 graeca,
516 891 759 947 germanica
788 890 969 932 maxime
1001 905 1053 932 ea
1083 890 1309 943 excellunt,
1342 896 1383 933 et
1410 890 1537 944 longe
1567 898 1741 944 superat
1763 889 1867 932 inas.
1901 906 2008 946 quan

56 967 103 1002 ut
132 959 275 1009 latina,
306 959 467 1001 slavica
495 958 632 1001 minus
664 973 715 1000 ea
744 957 898 999 valent.

170 1027 213 1068 A
244 1032 408 1068 vetusta
435 1025 672 1082 linguarum
705 1025 894 1067 affinium
924 1024 1088 1066 ratione
1118 1022 1416 1079 componendi,
1448 1036 1532 1079 qua
1560 1028 1648 1066 tres
1680 1024 1851 1066 vocales
1887 1026 1938 1076 A,
1971 1025 2006 1079 I,

56 1093 96 1136 U
126 1093 357 1135 thematum
394 1093 545 1136 finales
584 1099 804 1136 servantur
841 1092 884 1134 in
915 1091 1247 1147 compositione,
1289 1090 1432 1146 prisca
1468 1090 1623 1146 gallica
1658 1097 1818 1133 tantum
1857 1091 2008 1146 differt,

59 1161 169 1216 quod
199 1174 276 1215 pro
307 1177 334 1202 a
368 1160 556 1217 proferre
587 1160 810 1202 consuevit
839 1175 883 1211 0,
925 1159 1046 1200 cuius
1086 1157 1406 1201 consuetudinis
1445 1158 1639 1214 exempla
1678 1165 1846 1201 vetusta
1883 1174 2013 1216 supra

57 1233 300 1271 enumerata
322 1235 421 1269 sunt
450 1229 510 1283 (p.
534 1228 650 1281 763).
709 1226 993 1283 Excipiuntur
1024 1226 1075 1268 ab
1099 1240 1150 1267 ea
1180 1225 1296 1267 solae
1326 1225 1560 1282 particulae
1591 1225 1835 1269 desinentes
1866 1235 1938 1268 aut
1968 1232 2009 1269 in

53 1310 266 1338 consonas
296 1294 566 1349 (In-subres,
600 1294 836 1347 Con-date,
869 1294 1204 1343 Ver-nemetum,
1238 1292 1499 1347 Ati-minius,
1530 1292 1911 1350 Ex-cincomarus)
1941 1304 2010 1336 aut

54 1363 96 1405 in
127 1378 147 1404 e
176 1361 473 1418 (Are-morici,
503 1362 794 1413 Ate-heduus,
828 1360 1197 1414 Ante-cumulum)
1238 1366 1364 1415 atque
1398 1375 1479 1402 una
1520 1360 1585 1402 vel
1616 1361 1749 1404 altera
1780 1377 1861 1404 vox
1898 1378 2010 1418 quae

56 1430 305 1486 praesertim
335 1436 433 1486 post
461 1428 644 1472 mediam
679 1429 812 1472 vocali
844 1429 1012 1472 facilius
1044 1443 1189 1471 carere
1208 1428 1346 1484 potuit
1374 1427 1668 1484 (Lug—dunum
1700 1430 1818 1471 iuxta
1848 1430 2011 1486 plenio-

51 1513 138 1540 rem
169 1498 341 1540 formam
371 1497 655 1552 hugodunum
686 1497 753 1539 vel
782 1497 1082 1554 Lugudunum,
1115 1495 1398 1548 coh-nertus,
1430 1495 1716 1547 Bod—vacius,
1754 1496 2008 1552 Vini-goria-

53 1567 184 1619 cum).
246 1563 403 1606 Contra
431 1564 644 1620 interponi
674 1579 842 1621 quoque
874 1565 1011 1607 solere
1041 1578 1064 1605 ο
1094 1571 1190 1618 post
1219 1563 1404 1605 themata
1434 1563 1635 1605 consonis
1666 1565 1903 1619 terminata,
1938 1582 2009 1608 ex·

54 1632 194 1688 emplo
224 1638 324 1674 sunt
351 1631 525 1674 nomina
551 1630 835 1687 Cingeto-rix,
868 1632 1210 1688 Vercingeto-rix
1242 1631 1346 1683 (bib.
1371 1637 1453 1672 vet.
1477 1631 1584 1687 ‹fin-q,
1615 1645 1709 1684 gen.
1732 1634 1888 1689 cingal,
1924 1634 2009 1676 bel-

53 1699 175 1751 lator,
207 1700 273 1741 vir
302 1699 464 1752 fortis);
497 1706 776 1755 aspernantur
806 1700 1074 1756 copulantem
1106 1699 1215 1742 hanc
1247 1697 1435 1741 vocalem
1467 1712 1597 1740 voces
1629 1699 1832 1753 quaedam
1867 1702 2008 1742 tvi-mi-

49 1774 175 1808 natae
206 1766 373 1821 syllaba
405 1768 456 1807 -ts-
488 1767 555 1820 (ut
575 1767 826 1820 Atis-mara,
862 1765 1220 1812 Cartis-mandua,
1254 1765 1545 1818 Ratis-bona).

164 1832 270 1876 Tres
302 1835 397 1877 illas
428 1840 619 1877 vetustas
649 1835 822 1877 vocales
854 1833 1201 1891 compositionis,
1243 1849 1351 1890 quae
1389 1832 1572 1875 deficere
1606 1833 1816 1888 incipiunt
1854 1836 1932 1877 iam
1967 1838 2004 1877 in

47 1900 189 1957 prisca
217 1901 385 1957 lingua,
426 1909 524 1958 post
555 1902 837 1945 Romanorum
869 1907 1047 1944 aetatem
1078 1902 1215 1957 magis
1243 1900 1464 1957 magisque
1503 1900 1713 1943 defecisse
1751 1901 1849 1944 inde
1889 1903 2007 1945 colli-

48 1968 232 2024 gendum
263 1975 350 2020 est,
393 1970 506 2024 quod
535 1970 619 2012 nisi
655 1971 699 2012 in
731 1969 1084 2026 inscriptionibus
1122 1968 1303 2024 ogmicis
1341 1983 1395 2011 ne
1430 1968 1471 2009 in
1506 1968 1811 2011 vetustioribus
1843 1971 2008 2025 quidem

48 2036 335 2078 monumentis
369 2043 440 2078 aut
469 2037 712 2080 hibernicae
743 2037 913 2094 linguae
944 2043 1017 2081 aut
1044 2036 1310 2080 britannicae
1339 2034 1427 2078 ulla
1456 2043 1664 2092 superest.
1723 2036 1919 2092 Vestigia
1948 2044 2008 2079 ta*

47 2118 144 2145 men
182 2117 458 2146 excussurum
495 2104 643 2147 relicta
689 2120 787 2148 esse
822 2104 979 2147 infecta
1015 2118 1206 2147 consona
1243 2102 1470 2159 principali
1516 2104 1635 2145 vocis
1673 2103 1924 2159 posterioris
1967 2105 2007 2146 in

47 2170 364 2226 compositione
394 2186 523 2226 supra
554 2173 883 2215 demonstratum
914 2178 980 2214 est
1009 2170 1072 2227 (p.
1098 2171 1213 2225 176).

159 2236 408 2293 Composita
428 2239 524 2294 ipsa
546 2240 764 2296 utriusque
785 2239 956 2295 linguae
978 2238 1180 2294 vigentis,
1215 2244 1257 2281 et
1276 2238 1520 2282 hibernicae
1552 2244 1593 2281 et
1612 2239 1894 2291 britannicae,
1926 2239 2007 2281 iam

49 2305 402 2348 enumerabuntur
433 2307 668 2350 secundum
698 2307 889 2350 ordinem
919 2305 1098 2362 partium
1130 2304 1346 2348 orationis.
1400 2304 1717 2362 Subiungentur
1746 2305 1790 2349 in
1822 2307 1906 2349 fine
1938 2307 2009 2348 de-

51 2372 303 2428 composita,
336 2372 363 2414 i.
385 2387 421 2415 e.
453 2388 476 2417 e
508 2374 699 2430 pluribus
730 2375 908 2418 vocibus
933 2372 1181 2429 composita.
1240 2372 1490 2417 Hibernicis
1520 2373 1591 2416 hic
1613 2388 1781 2431 quoque
1812 2375 2009 2430 praemit-

48 2447 188 2482 tentur
217 2446 386 2483 vetusta
417 2442 611 2498 exempla
639 2441 806 2497 gallica.

606 2740 642 2788 l.
698 2740 1080 2807 Compositio
1116 2738 1447 2788 hibernica.

691 2873 745 2916 A.
807 2874 1030 2917 Nomina
1059 2872 1366 2929 composita.

168 2986 287 3028 Idem
318 3000 486 3042 semper
517 2994 582 3029 est
610 2986 895 3043 componendi
927 2986 1095 3039 modus,
1129 2986 1220 3028 sive
1251 2985 1365 3041 prior
1396 2999 1480 3027 vox
1509 2991 1575 3026 est
1595 2983 1781 3039 genetivi
1814 2983 1880 3025 vel
1902 2983 2008 3025 alius

53 3068 178 3096 casus
213 3053 375 3110 obliqui
405 3054 515 3105 loco,
550 3055 643 3097 sive
673 3054 924 3096 nominativi
954 3055 1022 3095 vel
1055 3055 1262 3113 apposita,
1296 3059 1341 3094 ut
1368 3053 1417 3093 fit
1445 3052 1488 3093 in
1521 3051 1715 3094 dialectis
1747 3051 1924 3093 celticis.

169 3124 201 3162 1.
248 3120 480 3165 Substan
495 3121 607 3163 tiva
636 3135 743 3163 cum
777 3121 1155 3164 substantivis.
1223 3120 1403 3163 Vetusta
1433 3119 1587 3175 gallica
1620 3119 1792 3161 nomina
1830 3116 2010 3173 plurima

49 3189 286 3243 composita
317 3197 416 3230 sunt
446 3204 468 3231 e
501 3189 665 3230 duobus
699 3189 993 3241 substantivis,
1020 3187 1273 3244 praesertim
1305 3188 1347 3228 in
1381 3187 1534 3243 quibus
1566 3186 1840 3242 posteriorem
1872 3185 2008 3227 locum

49 3262 194 3297 tenent
223 3270 352 3297 voces
382 3255 479 3307 -rix,
512 3255 622 3296 -reix
653 3256 714 3309 (rs
746 3255 903 3311 reig—s3
936 3257 1007 3297 lat.
1038 3271 1127 3308 rex,
1163 3270 1291 3311 germ.
1322 3255 1452 3310 -ι-ἳὶῐ),
1491 3254 1684 3304 -dunum,
1718 3253 1885 3295 -tlurum
1919 3253 2009 3307 (ca-

49 3322 200 3376 strum)
231 3328 335 3374 etc.,
375 3331 417 3364 ut
446 3323 682 3365 Dumnorix
714 3322 820 3376 (bib.
844 3323 1016 3376 dmnun,
1050 3323 1278 3375 mundus),
1322 3320 1535 3376 Bituriges
1567 3322 1672 3374 (bib.
1704 3320 1810 3364 bigla.
1853 3321 2007 3361 camina

48 3397 130 3432 vet.
153 3390 225 3444 bic,
251 3389 466 3446 mundus),
501 3389 728 3445 Caturiges
751 3389 857 3443 (hib.
879 3390 982 3444 cath,
1005 3391 1161 3434 cambr.
1184 3396 1267 3434 vet.
1288 3398 1369 3443 cat,
1392 3389 1571 3446 pugna),
1606 3387 1874 3431 Moridunum
1901 3388 2006 3440 (hit.
