2336 3736
597 269 674 313 IV.
705 271 743 312 2.
789 279 1174 312 PRAEPosrrioNEs
1204 276 1527 309 BmTANNICAE.
1700 264 1915 320 (629-631)
1961 262 2045 305 665

194 392 301 438 Cum
334 393 529 436 articulo:
562 395 704 450 deomp
735 393 819 435 dan
849 393 919 434 ker
948 392 1117 447 (eamus
1148 390 1202 432 ad
1222 389 1389 445 urbem)
1410 387 1518 430 Buh.
1542 388 1607 441 42,
1634 390 1668 430 1.
1709 402 1816 442 quae
1845 386 1931 428 dan
1960 385 2045 440 ofe—

68 475 153 502 Aren
182 460 217 515 (i
248 461 301 503 ad
322 461 517 514 missam)
551 461 617 513 26,
641 461 708 502 21.
745 460 893 501 heman
925 474 967 500 so
989 460 1073 501 dan
1104 464 1167 499 tat
1197 456 1344 499 bunut
1369 472 1456 512 pm·
1483 456 1585 510 (hoc
1607 461 1674 498 est
1696 453 1856 512 populo
1885 468 2046 495 merum

77 527 346 584 miraculum)
376 530 444 581 46,
469 529 535 570 10.
576 541 748 569 renoncc·
777 527 862 568 dan
892 526 953 567 bec
983 525 1247 581 (renuntiare
1274 524 1453 579 mundo)
1484 524 1551 575 20,
1575 525 1612 565 9.
1652 538 1707 564 απ
1728 537 1850 564 maru
1880 522 1941 577 off
1963 522 2048 561 dan

77 603 176 638 tnou
205 609 304 638 man
343 594 480 650 (mors
509 609 605 637 sum
634 594 734 636 huic
763 594 885 649 valli)
920 595 984 646 10,
1008 595 1046 636 3.
1106 592 1274 635 Eadem
1302 592 1463 634 iunctio
1495 599 1562 635 est
1599 606 1692 634 cum
1725 589 2048 646 pronominibus

77 662 342 718 possessivis
372 662 516 706 infixis
550 665 586 704 1.
620 669 661 704 et
691 663 728 704 2.
751 677 863 718 pers.
897 662 1005 717 sing.
1028 662 1141 712 dam,
1172 661 1270 712 οἵαις
1302 660 1552 702 absorbetur
1581 665 1720 701 autem
1742 657 1905 700 vocalis
1926 670 2047 712 prae-

76 729 306 788 positionis
334 729 380 772 in
409 730 579 783 ceteris,
611 731 649 773 3.
671 743 782 786 pers.
807 729 918 785 sing.
941 730 1002 781 de,
1033 728 1141 785 plur.
1177 730 1212 770 1.
1245 742 1357 784 pers.
1390 727 1492 780 don,
1525 727 1564 769 2.
1594 740 1707 782 pers.
1740 726 1829 778 doz,
1865 725 1902 766 3.
1934 737 2048 781 pers.

76 798 140 852 do,
173 812 347 854 quorum
381 797 578 854 exempla
605 796 755 839 videas
787 810 918 852 supra
946 796 1038 853 (pp.
1063 797 1145 839 389
1167 796 1298 853 sqq.).

191 864 330 922 Saepe
362 867 591 909 coniuncta
622 878 721 907 cum
742 864 1017 920 superlativis
1049 862 1181 906 efficit
1202 862 1417 915 adverbia,
1449 867 1513 904 ut:
1546 863 1601 903 da
1622 860 1822 915 bianhaffi
1855 859 1910 900 da
1931 857 2049 900 bian-

75 933 158 989 haf
179 932 434 988 (minimum,
468 931 639 987 saltem)
668 931 759 974 MJ.
782 932 885 974 4610.
912 932 1038 975 1921).
1066 932 1192 974 193a.
1232 931 1289 972 da
1319 930 1502 985 quentaf
1524 928 1746 986 (primum)
1779 928 1867 969 70a
1896 934 1976 969 etc.

191 998 299 1044 Cum
328 999 652 1077 pronominibus
684 999 864 1043 suffixis.
924 997 1045 1054 Sing.
1082 1000 1117 1041 1.
1147 1013 1280 1054 pers.:
1314 999 1386 1040 dre
1413 1012 1484 1039 ma
1512 994 1664 1051 hunfre
1698 996 1771 1051 dzf
1793 1009 1835 1037 ez
1863 1009 1883 1035 e
1904 993 2052 1035 reuelet

77 1070 174 1126 (per
203 1069 412 1111 somnium
441 1084 583 1111 meum
614 1066 718 1110 mihi
748 1073 814 1110 est
830 1057 1090 1121 revelatum)
1119 1065 1318 1118 Buh.30,
1346 1066 1409 1108 10.
1450 1066 1546 1107 duet
1575 1078 1617 1106 eo
1644 1062 1724 1119 diff
1750 1061 1883 1103 consol
1913 1060 2051 1114 (venit

76 1135 179 1179 mihi
216 1135 444 1189 solacium)
490 1136 555 1189 12,
589 1136 657 1178 22.
717 1136 755 1177 2.
787 1149 918 1192 pers:
965 1135 1027 1176 ἀπ
1056 1147 1118 1174 me
1147 1150 1173 1174 a
1200 1146 1280 1188 (ἵνα
1310 1147 1398 1189 spes
1422 1147 1562 1175 oreson
1598 1130 1675 1186 (ad
1704 1136 1747 1173 te
1774 1128 1884 1172 facio
1924 1127 2050 1170 valde

77 1204 336 1259 orationem)
367 1205 435 1257 50,
457 1206 497 1245 5.
542 1218 583 1244 80
613 1202 718 1244 dleet
747 1203 809 1244 dit
839 1202 926 1259 (est
955 1202 1143 1246 debitum
1173 1200 1274 1255 tibi)
1306 1201 1374 1253 70,
1405 1201 1445 1242 6.
1506 1200 1544 1242 3.
1575 1212 1689 1256 pers.
1729 1211 1879 1239 masc:
1926 1197 2051 1238 Zauar

75 1271 214 1328 dezaff
237 1271 328 1326 (dic
358 1270 421 1326 ei)
450 1271 489 1324 2,
512 1272 551 1314 8
591 1284 682 1313 ‘mm
715 1270 800 1325 day
830 1269 962 1324 cletas
983 1270 1144 1324 squient
1171 1268 1240 1324 (ut
1266 1268 1415 1311 redeat
1445 1268 1484 1310 ei
1514 1263 1716 1320 scientia.)
1740 1266 1805 1317 58,
1830 1265 1869 1306 7.
1909 1262 2048 1305 Fem.:

75 1350 141 1380 mo
164 1339 340 1395 yoestlas
368 1339 461 1382 deci
486 1339 587 1380 alies
624 1337 697 1413 (ea
727 1336 939 1393 spopondi
970 1336 1010 1379 ei
1042 1350 1194 1392 saepe,
1234 1334 1440 1390 Nonitae)
1482 1334 1674 1387 158,14.
1720 1346 1783 1374 me
1811 1345 1921 1389 yray
1951 1331 2017 1372 de
2001 1344 2050 1385 :y

74 1419 162 1462 apes
194 1419 384 1462 opressur
413 1405 589 1470 (faciam
619 1405 660 1447 ei
689 1404 1034 1462 oppressionem,
1072 1403 1279 1458 Nonitae)
1309 1401 1376 1455 92,
1409 1403 1446 1445 7.
1505 1401 1621 1444 Plur.
1657 1403 1691 1442 1.
1716 1414 1848 1456 pers:
1894 1413 1950 1440 an
1975 1411 2053 1453 pez

73 1486 119 1515 80
146 1480 212 1515 ret
232 1473 377 1529 deomp
407 1473 497 1528 (res
529 1486 639 1529 quae
669 1478 735 1514 est
761 1471 1011 1514 necessaria
1037 1470 1184 1525 nobis)
1214 1471 1283 1524 60,
1306 1471 1373 1512 20.
1434 1469 1474 1512 2.
1504 1483 1640 1526 pers:
1679 1482 1742 1508 me
1770 1480 1927 1523 compso
1958 1464 2051 1506 diclc

75 1540 237 1596 (dicam
255 1539 404 1593 vobis)
428 1541 490 1594 18,
514 1540 581 1583 24.
620 1540 695 1580 doe
722 1553 774 1580 ra
795 1553 870 1595 roy
889 1538 1012 1580 deocla
1043 1538 1170 1593 (deus
1202 1539 1274 1581 det
1293 1537 1438 1593 vobis)
1474 1539 1537 1590 16,
1560 1538 1600 1578 4.
1640 1543 1701 1576 et
1730 1549 1773 1576 eo
1803 1533 1925 1575 deoolz
1958 1534 2051 1588 (ne-

75 1608 306 1651 cessarium
339 1613 406 1651 est
434 1607 580 1663 vobis)
613 1606 679 1661 38,
706 1607 769 1648 17.
818 1606 947 1662 peuch
978 1622 1005 1648 a
1029 1606 1168 1662 pedus
1193 1606 1315 1648 deoch
1344 1606 1427 1661 huy
1465 1606 1637 1661 (pacem
1665 1608 1765 1659 peto
1798 1601 1941 1653 vobis,
1973 1616 2051 1657 pro

73 1674 221 1731 vobis)
252 1676 319 1728 80,
343 1676 382 1718 5.
443 1676 482 1717 3.
513 1688 649 1732 pers:
683 1690 726 1716 ez
755 1689 854 1717 roaz
883 1674 998 1716 ἀετοί
1023 1689 1044 1715 e
1063 1674 1168 1729 cor-ff
1189 1674 1348 1730 yloriue
1378 1673 1518 1728 (dedit
1545 1671 1599 1714 iis
1629 1685 1786 1727 corpus
1808 1684 1929 1711 suum
1960 1668 2051 1724 glo·

73 1742 252 1799 riosum)
290 1742 380 1786 MJ.
418 1744 470 1786 19
481 1744 519 1786 b.
566 1743 791 1800 palamour
821 1743 915 1784 dete
950 1741 1049 1799 (per
1079 1756 1266 1784 amorem
1305 1757 1406 1798 erga
1443 1755 1538 1794 eos,
1579 1753 1724 1782 eorum
1754 1736 1903 1791 causa)
1944 1736 1997 1778 29
2011 1736 2051 1778 b.

74 1810 195 1852 Iavar
224 1811 317 1852 deze
348 1810 440 1865 (dic
469 1811 547 1866 iis)
578 1811 662 1854 214
674 1810 713 1853 b.
759 1825 822 1851 me
847 1824 904 1865 3]α
935 1809 1030 1851 dezo
1059 1823 1186 1864 querz
1219 1810 1274 1850 da
1300 1808 1487 1865 ,φαεν-[ταί
1508 1810 1578 1863 (eo
1607 1807 1663 1851 iis
1692 1803 1946 1859 venditum),
1977 1803 2054 1845 Ιιαο

73 1891 122 1919 en
153 1885 268 1919 rento
286 1912 296 1921 .
315 1911 324 1920 .
347 1912 354 1920 .
377 1879 477 1921 deza
506 1879 571 1935 (et
601 1893 697 1921 eum
725 1877 904 1920 reddam
932 1876 1008 1932 iis)
1043 1877 1092 1919 18
1103 1892 1140 1919 a.

187 1943 342 1999 TROI,
361 1945 674 2001 TRU1(==tr5,
696 1960 739 2001 p.
758 1946 826 1997 96,
849 1944 934 1986 hib.
953 1935 1119 1999 trestri,
1143 1944 1255 2000 per),
1278 1942 1544 1987 cambrica
1563 1942 1708 1996 forma,
1731 1941 1854 1984 cuius
1876 1939 2052 1995 scriptio

71 2012 288 2056 recentior
316 2021 383 2056 est
413 2021 534 2071 trwy,
575 2013 644 2056 vel
676 2013 881 2056 destituta
907 2012 1026 2054 tenui
1057 2012 1184 2069 drwy.
1252 2011 1460 2068 Exempla
1494 2011 1748 2053 vetustiora.
1796 2007 1879 2050 troz·
1905 2007 2053 2048 enmei-

72 2090 171 2122 τηου
203 2080 281 2138 (gl.
311 2096 389 2140 per
407 2088 550 2134 nutus,
583 2080 838 2138 accipienda
865 2078 988 2134 nota)
1009 2079 1065 2135 gl.
1089 2079 1170 2123 Ox
1190 2078 1385 2124 38'2111
1406 2078 1768 2135 descriptionibus
1797 2074 1896 2118 libri
1916 2073 2052 2117 Land.

72 2149 254 2205 passim:
287 2157 371 2191 tra
354 2164 384 2205 J
412 2164 499 2191 mse
528 2148 627 2204 (per
655 2148 810 2202 Iscam,
841 2147 1039 2203 fluvium)
1075 2147 1166 2190 127.
1205 2149 1294 2190 crui
1319 2149 1338 2189 i
1355 2147 1446 2206 coit,
1479 2147 1568 2188 trui
1593 2147 1634 2187 iv
1653 2147 1732 2188 coit
1760 2144 1858 2201 (per
1879 2138 2052 2196 silvam)

75 2217 292 2270 116.152;
329 2219 422 2259 157.
454 2217 538 2260 232
571 2223 651 2259 etc.
712 2216 764 2259 In
794 2215 931 2259 Mab..
973 2231 1002 2272 y
1032 2216 1227 2258 keo-damst
1256 2216 1426 2258 racdaw
1463 2223 1567 2271 trw‘zJ
1603 2229 1632 2270 3]
1661 2219 1731 2270 ryt
1764 2227 1821 2268 yn
1821 2227 1850 2267 J
1878 2209 2040 2251 ωεῖαει
2025 2223 2054 2264 3]

68 2299 172 2340 yaer
207 2285 486 2341 (progressus
527 2290 595 2328 est
630 2298 708 2341 per
738 2284 912 2338 vadum,
958 2284 1096 2326 donec
1134 2283 1241 2326 vidit
1270 2283 1438 2336 urbem)
1478 2284 1515 2335 1,
1546 2281 1613 2324 33.
1662 2295 1713 2322 ar
1749 2279 1863 2336 hyan
1861 2294 1890 2334 J
1927 2278 2053 2318 owein

71 2353 247 2395 adrewzzs
277 2354 470 2410 dyrnawt
498 2365 550 2395 αν
576 2366 606 2408 3]
635 2352 872 2395 marckawc
901 2359 1005 2407 trwy
1031 2366 1060 2407 y
1090 2351 1221 2407 helym
1240 2384 1248 2392 .
1269 2384 1278 2393 .
1298 2384 1306 2393 .
1329 2351 1489 2405 athrwy
1516 2364 1545 2406 y
1574 2348 1696 2389 lev-oen
1728 2361 1779 2390 ar
1807 2346 1874 2403 lay
1906 2359 1957 2390 ar
1987 2359 2052 2385 ae-

69 2435 189 2476 9wrn
229 2419 407 2475 (deinde
439 2418 492 2463 Ο.
521 2419 637 2462 feriit
664 2419 796 2477 plaga
824 2419 1010 2475 equitem
1049 2433 1126 2475 per
1156 2418 1334 2474 galeam,
1359 2451 1396 2460 ..
1421 2451 1429 2458 .
1460 2424 1502 2459 et
1532 2431 1609 2474 per
1640 2421 1778 2458 cutem
1809 2421 1852 2456 et
1881 2427 2053 2456 carnem

74 2493 116 2530 et
145 2487 216 2543 os)
250 2487 520 2541 1,13.dodz·
540 2500 669 2529 aoruc
695 2502 724 2543 y
744 2487 976 2528 marehawc
1006 2486 1191 2528 arvllost
1176 2501 1205 2542 3]
1226 2500 1348 2527 waew
1378 2486 1495 2541 clrwy
1526 2483 1820 2539 avunflqffrwyn
1840 2497 1891 2537 vy
1911 2478 2054 2522 march

72 2555 247 2622 (posuit
276 2569 409 2612 eques
440 2554 606 2610 lignum
635 2555 784 2597 hastae
815 2569 918 2596 suae
948 2569 1026 2611 per
1055 2553 1222 2595 frenum
1254 2553 1352 2609 equi
1383 2552 1487 2608 mei)
1523 2555 1557 2605 1,
1583 2551 1648 2594 10.

188 2621 529 2679 Praepositionis
560 2622 686 2665 huius
710 2621 963 2665 coniunctae
995 2636 1089 2664 cum
1111 2620 1438 2678 pronominibus
1471 2619 1637 2663 suffixis
1669 2614 1864 2671 exempla
1892 2614 2053 2656 rariora

75 2697 188 2734 sunt.
247 2689 297 2732 In
329 2690 427 2733 libri
458 2689 596 2732 Land.
629 2690 993 2746 descriptionibus
1024 2689 1174 2731 finium
1205 2688 1243 2730 3.
1275 2703 1389 2743 pers.
1421 2688 1530 2744 sing.
1562 2687 1696 2729 forma
1725 2684 1859 2727 nuda:
1894 2681 1954 2722 bet
1981 2695 2048 2736 ye-

72 2758 194 2800 bemzi
223 2759 302 2799 trio
332 2759 380 2799 di
408 2771 507 2812 aper
536 2765 638 2799 nant
669 2771 794 2798 maur
824 2757 982 2813 (usque
1015 2756 1067 2798 ad
1098 2755 1153 2800 G.
1186 2756 1374 2808 fiuvium,
1406 2770 1484 2812 per
1515 2770 1608 2797 eum
1642 2754 1694 2795 ad
1726 2767 1775 2794 os
1806 2749 1933 2793 vallis
1964 2763 2052 2791 ma-

71 2824 202 2881 gnae)
251 2826 341 2867 116.
393 2826 462 2866 clio·
490 2827 606 2867 ‘'nain
637 2825 784 2866 tillauc
813 2825 882 2866 dir
912 2838 1011 2865 cruc
1049 2824 1119 2865 dir
1149 2838 1246 2865 cruc
1276 2823 1388 2864 aral!
1417 2823 1608 2877 dimynui
1638 2820 1840 2875 mynuqui
1869 2819 1978 2860 traio
2008 2816 2056 2856 de·

73 2907 173 2948 aper
201 2901 308 2934 nant
337 2906 428 2933 cu‘m
459 2893 634 2934 cinreitlz
663 2892 738 2947 (ad
761 2891 945 2947 lapidem
968 2891 1031 2944 Τ.,
1064 2891 1118 2934 ad
1140 2890 1304 2943 collem,
1339 2890 1393 2932 ad
1423 2889 1602 2931 alterum
1633 2886 1798 2938 collem,
1832 2884 1884 2926 ad
1906 2883 1964 2926 M.
1996 2883 2052 2924 ri-

71 2976 190 3013 vum,
232 2975 308 3017 per
338 2974 454 3012 eum,
497 2974 575 3014 per
603 2959 662 3001 M.
697 2960 750 3001 ad
782 2974 830 3001 os
861 2959 989 3000 vallis
1021 2956 1071 3001 C.
1097 2957 1168 3013 C.)
1204 2959 1295 2998 187.
1364 2955 1516 2998 Forma
1548 2962 1673 2998 aucta
1711 2954 1756 2995 in
1786 2951 1923 2994 Mab.:
1968 2966 2053 3006 φη]

72 3028 214 3084 (1913]σή
240 3042 294 3082 3]ν
325 3027 411 3068 koet
445 3042 474 3081 y
505 3027 687 3069 daeckost
728 3027 927 3080 trwydaw
968 3025 1128 3080 (donec
1159 3024 1280 3067 venis
1320 3024 1372 3066 ad
1411 3024 1560 3066 silvam
1600 3036 1674 3079 per
1713 3035 1837 3076 quam
1876 3018 2052 3073 venisti)

76 3097 111 3146 l,
133 3096 172 3136 6.
216 3097 250 3136 ti
278 3095 460 3150 awydost
505 3093 723 3149 kynnedyf
749 3108 804 3148 ψ·
832 3107 953 3134 anon.
995 3108 1051 3148 ny
1082 3092 1152 3134 eill
1181 3090 1256 3132 neb
1286 3099 1405 3147 vynec
1442 3091 1608 3146 drwydz'
1643 3088 1708 3142 (tu
1740 3088 1826 3130 scis
1863 3086 2055 3129 habitum

71 3160 203 3213 fluvii,
234 3176 360 3203 nemo
392 3167 541 3217 potest
570 3161 753 3203 transire
785 3175 863 3216 per
892 3174 1008 3211 eum3
1041 3174 1167 3212 anon,
1199 3157 1316 3212 fem.)
1348 3158 1387 3211 3,
1410 3158 1476 3200 94.

186 3226 426 3271 Cornice
464 3236 507 3271 et
536 3227 833 3271 aremorice
870 3241 948 3283 pro
980 3226 1194 3283 primitiva
1232 3225 1367 3268 forma
1397 3223 1514 3267 TRE
1552 3225 1597 3266 in
1634 3221 1871 3265 recentiore
1906 3221 2054 3277 lingua

77 3310 248 3351 sempor
274 3296 490 3338 invenitur
515 3295 650 3338 DRE.
711 3293 932 3336 Vetustior
959 3308 1087 3335 arem.
1110 3301 1182 3346 tre,
1213 3292 1480 3349 respondens
1510 3298 1652 3334 tamen
1682 3290 1768 3334 bib.
1791 3297 1858 3331 tar
1878 3288 2052 3344 (trans),

74 3367 189 3404 extat
216 3361 260 3415 in
292 3364 464 3406 nomine
495 3362 681 3419 regionis
714 3361 974 3404 aremoricae
998 3360 1231 3402 Poutrecoet
1260 3360 1304 3402 in
1336 3360 1592 3402 chartulario
1621 3356 1911 3410 Rhedonensi,
1945 3371 2053 3413 quae

74 3428 116 3471 in
149 3428 299 3471 eodem
331 3429 462 3472 latine
494 3430 650 3473 dicitur
673 3443 809 3485 payns
838 3437 955 3470 tram
983 3427 1131 3468 silvam
1161 3427 1236 3482 (cf.
1257 3443 1297 3484 p.
1325 3426 1437 3482 137).
