2336 3736
833 261 1102 292 Pnoomumm
1136 262 1359 293 anri-oms.
1935 255 2089 297 XLIII

110 371 320 424 Norris,
354 371 446 414 Sec.
477 371 529 414 R.
547 372 602 414 A.
626 371 668 416 S.
716 372 881 415 Oxford
900 371 1222 416 MDCCCLIX
1254 374 1386 430 (Dr.),
1418 376 1539 417 cuius
1570 375 1666 418 libri
1692 377 1777 420 vol.
1800 377 1822 420 I
1867 379 2088 421 continen-

114 449 182 486 tur
204 443 408 486 Ordinale
440 445 492 487 de
524 445 688 503 origine
718 446 862 488 mundi
893 444 989 500 (Ο.)
1021 453 1064 488 et
1092 446 1247 489 Passio
1279 447 1436 489 domini
1470 448 1604 490 nostri
1635 449 1766 492 Ihesu
1792 449 1953 494 Christi
1976 452 2088 507 (D),

117 515 159 558 in
192 516 288 560 Vol.
320 516 376 559 II.
411 516 617 562 Ordinale
647 519 700 561 de
730 518 1029 561 resurrexione
1059 517 1232 561 Domini
1262 519 1399 561 nostri
1430 519 1559 562 Ihesn
1582 520 1742 565 Christi
1779 523 1888 578 (R).
1911 549 1966 555 --
1997 525 2089 568 Nec

108 589 294 644 neglexi,
326 605 434 646 quae
456 592 509 633 ad
531 592 926 647 interpretationem
946 592 1176 635 earundem
1207 592 1276 634 vel
1297 590 1573 635 Vocabularii
1607 596 1768 638 cornici
1800 597 1982 639 afferunt
2003 607 2090 640 tam

108 662 221 705 idem
250 662 359 705 liber
389 678 517 719 quam

220 734 459 779 Lexicon
498 736 1122 781 Cornu-Britannicum:
1181 751 1207 778 a
1237 735 1490 792 Dictionary
1531 738 1577 780 of
1609 740 1679 782 the
1713 742 1884 783 ancient
1922 740 2089 785 Celtish

108 807 342 864 Language
374 809 420 851 of
446 808 663 853 Cornwall
694 811 835 865 -·by
865 809 936 855 the
966 808 1073 852 Rev.
1105 808 1307 852 Robert
1338 809 1625 864 Williams,
1658 812 1716 854 M.
1741 814 1794 855 A.
1816 814 2089 871 Llandovery

109 880 332 936 (London)
363 881 713 927 MDCOCLXV.

222 953 275 996 In
296 954 522 997 cambricis
553 962 723 1010 praeter
744 954 935 999 Stokesii
967 954 1198 997 editionem
1227 954 1468 1010 glossarum
1499 962 1690 999 veterum
1722 965 1765 1000 et
1784 974 1986 1002 versuum
2017 975 2089 1002 co-

112 1026 220 1069 dicis
252 1025 623 1083 Cantabrigiensis
665 1027 809 1083 (Cb),
851 1043 977 1084 quam
1014 1042 1145 1083 supra
1180 1027 1530 1081 memoravimus,
1580 1036 1709 1084 atque
1745 1033 2087 1087 recognitionem

112 1100 352 1154 glossarum
382 1100 485 1153 Ox.,
534 1101 688 1156 quibus
726 1101 837 1143 idem
877 1100 1041 1143 addidit
1071 1114 1230 1154 paucas
1268 1101 1437 1155 glossas
1477 1101 1740 1145 recentiores
1784 1118 1807 1145 e
1848 1105 1941 1146 cod.
1974 1104 2086 1148 Gott.

110 1172 242 1229 Vesp.
275 1175 329 1215 A.
353 1172 470 1215 XIV.
494 1173 626 1227 (Mus.
650 1173 779 1229 Brit.)
800 1173 856 1216 fo.
882 1175 930 1214 11
943 1188 980 1216 a.
1004 1173 1156 1228 (Beitr.
1180 1173 1255 1216 IV.
1280 1174 1360 1216 385
1370 1173 1526 1228 —-423>,
1559 1174 1783 1216 admodum
1814 1192 1879 1219 me
1901 1178 2089 1220 adiutum

109 1260 207 1288 esse
246 1246 388 1289 animo
420 1246 663 1302 gratissimo
703 1247 907 1303 profiteor
942 1252 1027 1288 tam
1058 1246 1396 1289 correctionibus
1435 1253 1477 1288 et
1515 1246 1862 1292 adnotationibus
1901 1265 1993 1293 cum
2037 1252 2088 1293 de

112 1319 208 1361 aliis
241 1320 476 1373 erroribus,
515 1327 606 1363 tum
639 1321 691 1363 de
722 1320 796 1373 iis,
830 1321 875 1363 in
905 1335 1013 1378 quos
1045 1319 1198 1363 Oweni
1230 1320 1482 1362 commentis
1521 1320 1726 1376 deceptus
1757 1321 1910 1364 incidit
1938 1323 2088 1379 Zeuss,

110 1407 216 1448 quas
245 1393 349 1436 mihi
379 1394 671 1450 suppeditavit
699 1394 756 1436 D.
789 1394 917 1438 Silv.
949 1392 1139 1446 Evans,
1173 1391 1357 1436 Camber
1388 1393 1454 1435 vir
1474 1393 1772 1445 doctissimus,
1805 1395 1927 1439 cuius
1959 1413 2090 1454 opera

109 1467 282 1510 tandem
316 1467 546 1523 aliquando
578 1467 748 1510 lexicon
778 1467 949 1524 linguae
981 1467 1221 1510 cambricae
1253 1466 1411 1509 editum
1439 1465 1492 1507 iri
1515 1480 1738 1521 speramus
1770 1469 2088 1527 et·locupletius

112 1547 154 1583 et
196 1540 281 1582 fide
320 1540 513 1596 dignum,
561 1555 687 1597 quam
723 1541 914 1583 eiusdem
948 1540 1092 1583 libello
1133 1541 1185 1582 de
1221 1539 1532 1595 orthographia
1571 1539 1872 1596 (Llytlzyraeth
1898 1558 1951 1598 Ψ
1979 1546 2089 1587 iaetk

114 1610 321 1670 Gymraey
348 1629 433 1670 qam
464 1614 518 1655 D.
551 1613 735 1656 Silvam
772 1614 948 1656 Ευαηε.
1012 1612 1314 1669 Caeffiyrddin:
1362 1612 1417 1653 W.
1455 1610 1661 1668 Spurrell.
1710 1613 2082 1671 MDCCCLXI.),

112 1696 155 1729 ct
188 1687 256 1747 Sp
270 1688 458 1730 urrelli
494 1687 654 1739 lexico,
701 1702 810 1743 quos
848 1687 980 1730 duces
1020 1693 1192 1729 secutus
1232 1701 1324 1729 sum
1363 1684 1407 1728 in
1447 1684 1679 1728 hodiernae
1718 1688 1967 1745 scriptionis
1999 1691 2088 1734 dis-

111 1761 344 1817 crepantia.

226 1835 278 1878 In
308 1834 442 1878 altera
472 1841 593 1890 parte
623 1835 768 1891 operis
799 1849 938 1890 pauca
967 1834 1125 1876 addere
1155 1833 1374 1890 potuimus
1412 1848 1435 1874 e
1477 1833 1734 1877 collectione
1773 1843 1961 1879 veterum
1999 1852 2089 1880 car—

111 1908 289 1961 minum,
322 1923 432 1965 quae
462 1907 737 1951 inscribitur:
1181 1963 1183 1966 y

223 1981 332 2024 The
369 1981 508 2025 Four
546 1982 768 2024 ancient
796 1980 977 2024 Books
1008 1980 1064 2024 of
1085 1979 1281 2033 Wales,
1328 1979 1578 2035 containing
1613 1980 1686 2023 the
1726 1981 1900 2039 Cymric
1938 1983 2090 2028 Poems

111 2055 343 2097 attributed
372 2061 416 2098 to
446 2054 519 2097 the
549 2055 687 2098 Bards
719 2054 766 2096 os
789 2054 862 2097 the
892 2052 1018 2097 Sixth
1050 2053 1248 2108 Century,
1282 2053 1337 2109 by
1370 2052 1608 2095 william
1638 2053 1688 2096 F.
1713 2054 1900 2099 Skene.
1952 2056 2089 2100 Edin-

110 2127 246 2183 burgh
271 2128 388 2171 1868.
434 2128 486 2171 In
509 2128 601 2172 eius
624 2127 723 2172 libri
744 2127 961 2170 volumine
983 2127 1117 2170 altero
1138 2126 1426 2179 inveniuntur,
1450 2141 1560 2182 quae
1582 2128 1780 2183 exempla
1800 2131 2089 2185 praebuerunt

111 2201 282 2243 codex
311 2202 463 2258 niger
493 2201 945 2245 Caermartheniorum
975 2199 1133 2256 (GN),
1165 2199 1305 2242 liber
1333 2200 1595 2243 Aneurini
1628 2199 1776 2255 (An),
1825 2203 1963 2246 liber
1993 2203 2090 2246 Ta-

111 2273 326 2316 liessini
348 2273 499 2330 (Tam,
534 2290 585 2317 ac
606 2290 716 2332 quae
748 2274 939 2317 carmina
958 2273 1229 2317 continentur
1258 2273 1304 2315 in
1325 2272 1482 2315 codic
1499 2288 1521 2315 e
1541 2274 1694 2317 rubro
1716 2273 2087 2330 Hergestensi.

224 2346 294 2390 Ex
326 2348 658 2391 aremoricarum
689 2348 921 2389 litterarum
952 2346 1147 2403 reliquiis
1179 2346 1307 2401 paulo
1339 2345 1667 2399 vetustioribus,
1708 2362 1814 2402 quas
1846 2348 2089 2393 reconditas

114 2419 253 2462 adhuc
284 2420 425 2463 iacere
458 2421 649 2464 dolemus
679 2420 721 2462 in
755 2420 1029 2462 bibliothecis
1061 2418 1309 2475 gallicanis,
1342 2420 1594 2474 praesertim
1624 2419 1883 2474 Parisiensi,
1915 2421 2090 2464 tandem

113 2492 265 2548 viginti
309 2493 397 2536 fere
447 2495 571 2536 annis
611 2500 710 2549 post
745 2493 852 2536 illud
892 2508 1084 2545 carmen,
1133 2491 1247 2548 quod
1286 2491 1423 2534 solum
1473 2499 1599 2534 antea
1637 2492 1880 2536 innotuerat
1925 2493 2087 2549 (Buh.),

115 2565 230 2608 edita
261 2573 378 2609 sunt:

225 2638 296 2681 Le
327 2638 510 2682 Grand
541 2639 774 2696 Mystere
807 2639 865 2682 de
895 2639 1075 2691 Jesus,
1116 2638 1293 2694 passion
1333 2643 1375 2680 et
1411 2638 1719 2691 resurrection,
1764 2639 1907 2682 drame
1937 2640 2088 2683 breton

117 2711 172 2752 du
205 2726 357 2768 moyen
390 2727 482 2767 age,
515 2727 622 2755 avec
652 2728 734 2755 une
766 2713 891 2755 etude
924 2727 996 2754 sur
1025 2711 1064 2753 le
1087 2712 1251 2754 theatre
1283 2709 1387 2752 chez
1419 2711 1482 2753 les
1515 2712 1684 2754 natione
1716 2712 1924 2768 celtiques
1955 2728 2032 2769 par
2050 2713 2091 2755 le

116 2784 297 2826 vicomte
327 2783 565 2827 Hersart
595 2786 655 2827 de
686 2786 737 2828 la
767 2784 1158 2840 Villemarque,
1199 2784 1385 2826 membre
1416 2783 1470 2825 de
1500 2783 1715 2826 l'Institut.
1775 2785 1920 2836 Paris,
1970 2786 2090 2828 1865.

117 2856 270 2911 (MJ.);
304 2871 369 2909 ac,
402 2872 496 2900 cum
527 2858 624 2901 libri
656 2859 781 2914 primi
812 2857 1146 2913 recognitionem
1178 2864 1340 2898 tantum
1370 2872 1456 2898 non
1488 2857 1783 2910 absolvissem,

235 2928 300 2972 Le
334 2929 655 2974 Catholicon
688 2931 740 2972 de
761 2931 895 2973 Iehan
917 2930 1162 2986 Lagadeuc,
1194 2929 1477 2971 dictionnaire
1500 2930 1662 2982 breton,
1694 2931 1880 2983 francais
1911 2937 1953 2971 et
1971 2930 2089 2983 latin,

116 3003 262 3058 publie
299 3017 376 3059 par
416 3002 466 3044 R.
497 3002 546 3045 F.
579 3003 627 3046 le
658 3004 774 3046 Men
816 3003 987 3059 d'apres
1025 3001 1226 3045 l'edition,
1255 3002 1308 3044 de
1337 3001 1402 3044 Me
1433 3002 1601 3044 Auffret
1631 3002 1682 3044 de
1713 3002 2089 3059 Quoetqueueran,

113 3076 311 3131 imprime
361 3077 385 3117 a
415 3075 627 3132 Treguier
659 3077 762 3120 chez
793 3076 932 3120 Iehan
965 3074 1125 3119 Caluez
1165 3089 1221 3116 cn
1259 3072 1660 3118 MCCCOXCIX.
1698 3076 1887 3117 Lorient.
1929 3074 2090 3130 (Saint-

114 3148 280 3192 Brieuc.
313 3148 552 3205 Quimper).
585 3174 640 3180 ——
677 3149 775 3203 Quo
805 3150 914 3192 libro
954 3146 1292 3204 locupletissimo
1331 3146 1464 3202 (sign.
1488 3147 1636 3202 Cath.)
1674 3148 1788 3203 quod
1825 3163 1891 3190 me
1928 3148 2092 3190 adiuvit

117 3221 292 3265 editoris
323 3221 577 3273 liberalitas,
622 3222 703 3265 hoc
732 3223 935 3265 maiorem
963 3223 1056 3264 viro
1088 3219 1336 3264 doctissimo
1367 3220 1499 3262 habui
1532 3220 1726 3276 gratiam,
1769 3221 1881 3277 quod
1918 3222 2090 3277 linguae

122 3295 351 3337 hodiernae
381 3295 550 3337 lexicon
582 3296 752 3351 assequi
785 3309 868 3336 non
898 3301 1139 3351 potueram3
1184 3294 1455 3348 quamobrem
1494 3293 1741 3336 necessario
1780 3301 1955 3337 coactus
1984 3295 2089 3336 satis

122 3369 347 3411 habueram
380 3369 458 3420 iis,
499 3384 607 3424 quae
647 3384 700 3410 ex
737 3367 999 3425 Legonid'eci
1040 3375 1081 3408 et
1110 3366 1362 3408 Dumoulini
1401 3366 1691 3421 grammaticis
1721 3368 2086 3424 transcripseram,

119 3441 352 3494 addidisse,
389 3456 497 3497 quae
537 3457 559 3484 e
591 3441 771 3483 Manorii
802 3440 1078 3498 grammatica
1110 3446 1151 3482 et
1181 3439 1319 3481 lexico
1362 3440 1474 3495 apud
1505 3439 1748 3495 hhuydium
1781 3440 1931 3494 (Arch.
1964 3438 2083 3494 brit.)
