2336 3736
839 259 1113 292 rnoosmmm
1141 261 1366 296 smroms,
1982 255 2094 299 XLI

122 384 249 426 quam
291 369 434 424 (cuius
473 369 572 413 libri
601 384 723 412 usum
752 369 1059 416 humanissime
1094 372 1196 416 mihi
1235 375 1453 418 concessit
1482 375 1821 420 Adalbertus
1851 376 2034 434 Kuhn)
2073 394 2097 422 e

121 442 338 486 volumine
367 444 503 499 primo
533 443 650 486 illius
682 443 961 498 collectionis,
993 445 1063 489 eui
1083 444 1349 490 inscribitur:

236 516 424 559 Ancient
452 516 579 559 Laws
611 515 660 558 of
684 515 868 561 Ireland.
928 517 1168 563 Senchus
1197 519 1338 574 Mor,
1384 521 1616 577 published
1652 521 1789 566 under
1818 523 2024 567 direction
2055 525 2102 567 of

120 588 191 631 the
224 588 570 632 commissioners
606 588 672 631 for
709 589 959 647 publishing
994 591 1068 635 the
1100 591 1272 635 ancient
1309 592 1414 637 laws
1453 595 1537 637 and
1577 595 1797 639 institutes
1839 595 1886 638 of
1908 595 2094 640 Ireland.

123 659 215 704 Vol.
236 660 271 705 I.
332 661 513 714 Dublin,
552 663 669 705 1865.
712 686 761 693 -
801 662 900 717 Quo
930 664 1039 708 libro
1069 663 1300 721 pretiosius
1337 667 1413 711 vix
1443 675 1607 713 extaret
1641 674 1957 712 monumentum
1987 671 2095 714 anti—

120 733 296 790 quitatis
326 733 595 788 hibernicae,
627 735 713 778 nisi
743 736 911 792 copiam
942 743 1068 793 atque
1098 738 1400 782 abundantiam
1429 756 1589 795 rerum,
1623 757 1732 799 quae
1761 757 1812 785 eo
1842 741 2093 796 continetur,

119 813 321 865 aequaret
351 808 592 864 corruptela
619 808 792 864 linguae
822 818 873 851 ac
903 809 1164 866 scriptionis.

232 879 286 923 In
315 880 552 937 posteriore
582 881 751 924 demum
781 881 923 938 operis
953 888 1075 939 parte
1106 884 1374 929 emendanda
1401 891 1573 943 praesto
1605 888 1731 931 nobis
1760 887 1950 930 fuerunt:

234 952 466 997 Glossae
497 953 814 998 hibernicae
850 959 1018 998 veteres
1051 954 1224 1000 Codicis
1255 956 1557 1012 Taurinensis‚
1599 958 1735 1003 edidit
1763 958 2092 1004 Constanti-

118 1042 214 1070 nus
243 1026 419 1081 Nigra.
469 1026 668 1070 Lutetiae
690 1026 967 1082 Parisiorum,
997 1027 1378 1073 MDCCC-LXIX.
1410 1057 1463 1063 -4
1494 1031 1545 1074 In
1568 1045 1653 1088 quo
1674 1031 1817 1075 libello
1848 1047 1935 1074 non
1957 1032 2093 1076 solum

120 1099 281 1143 codicis
313 1097 383 1142 Tr.
416 1099 580 1156 aliquot
608 1100 753 1153 locos,
796 1114 904 1156 quos
934 1099 1208 1145 festinantius
1238 1101 1418 1160 legisset
1449 1103 1517 1147 W.
1539 1102 1584 1147 S.
1613 1109 1690 1147 aut
1716 1105 2092 1162 praetermisisset,

121 1178 336 1216 correctos
372 1179 415 1216 et
445 1172 667 1229 suppletos
699 1187 797 1216 esse
828 1179 1008 1228 apparet
1037 1189 1089 1216 ex
1122 1175 1296 1233 egregia
1324 1176 1564 1220 imitatione
1585 1176 1764 1232 codicis,
1798 1191 1883 1235 qua
1910 1194 1990 1221 nos
2021 1177 2095 1222 ad-

116 1246 228 1290 iuvit
257 1245 432 1289 editoris
474 1245 773 1290 humanissimi
802 1246 1059 1302 liberalitas,
1098 1262 1246 1292 verum
1275 1249 1403 1293 etiam
1432 1250 1564 1293 multa
1599 1266 1622 1294 e
1652 1250 1746 1294 cod.
1775 1249 1852 1293 Ml.
1885 1251 1954 1294 vel
1982 1267 2097 1295 nova

118 1319 245 1363 allata
274 1325 375 1363 sunt
404 1319 474 1362 vel
513 1321 748 1363 emendata.

229 1392 348 1436 Idem
369 1393 435 1436 vir
448 1392 767 1437 illustrissimus
787 1391 1000 1449 insignem
1020 1393 1201 1450 gratiam
1221 1395 1387 1450 meruit,
1411 1396 1522 1453 quod
1543 1402 1629 1439 tam
1649 1395 1693 1439 in
1713 1397 1930 1442 lustrando
1951 1392 2093 1456 priore

116 1466 243 1510 huius
275 1465 416 1523 operis
447 1465 653 1510 fasciculo
682 1465 854 1521 (Revue
885 1464 1097 1524 Celtique,
1126 1484 1196 1512 no.
1223 1469 1268 1524 1)
1306 1484 1433 1527 quam
1462 1470 1508 1512 in
1538 1470 1764 1524 relatione,
1795 1486 1919 1528 quam
1951 1472 2088 1514 eidem

119 1540 381 1598 ephemeridi
412 1540 611 1592 inseruit,
652 1540 704 1583 de
745 1540 837 1583 cod.
868 1539 945 1582 Ml.
974 1556 1170 1598 magnam
1208 1542 1497 1599 exemplorum
1536 1543 1703 1601 copiam
1741 1544 1899 1599 attulit,
1935 1545 2090 1602 quibus

118 1621 190 1658 aut
220 1613 473 1671 corrigenda
502 1619 576 1656 aut
603 1612 843 1671 supplenda
874 1620 1032 1669 essent,
1064 1629 1175 1673 quae
1204 1622 1330 1660 antea
1358 1617 1579 1675 proposita
1608 1624 1747 1671 erant3
1779 1618 1892 1663 unde
1921 1618 1967 1661 in
1997 1618 2090 1662 Ad-

119 1687 272 1731 dendis
303 1687 509 1744 quaedam
542 1686 832 1743 apposuimus.

229 1760 397 1804 Minore
429 1761 669 1817 glossarum
700 1760 844 1817 eopia,
881 1759 1139 1805 Nanciaci
1176 1760 1299 1818 (Ne.)
1336 1762 1382 1805 in
1412 1761 1573 1807 codicis
1604 1763 1861 1821 cooperculo
1900 1772 2082 1822 reperta,

117 1834 170 1878 ad
211 1839 453 1891 computum
488 1833 750 1891 pertinente,
788 1849 868 1876 nos
898 1833 1098 1878 iuverunt
1127 1834 1211 1878 duo
1240 1834 1323 1878 viri
1352 1835 1611 1879 doctissimi:
1646 1836 1759 1880 Note
1788 1852 1843 1881 on
1874 1837 1947 1881 the
1976 1839 2090 1882 Irish

115 1908 298 1953 Glosses
328 1906 520 1963 recently
550 1906 681 1950 found
701 1907 747 1950 in
768 1907 838 1949 the
856 1906 1018 1964 library
1047 1909 1095 1951 of
1109 1908 1262 1966 Nancy
1282 1909 1339 1965 by
1360 1908 1524 1952 Henri
1558 1908 1658 1953 Gai
1671 1911 1698 1953 d
1711 1926 1734 1954 ο
1747 1926 1770 1952 z
1802 1909 1924 1966 (read
1946 1911 2089 1956 before

112 1982 182 2025 the
203 1982 341 2039 Royal
371 1980 482 2023 Irish
515 1980 750 2038 Academy,
773 1980 885 2023 June
906 1982 970 2033 10,
991 1981 1121 2038 1867)
1142 2007 1190 2013 -
1218 1988 1261 2026 et
1279 1982 1476 2026 inventor
1495 1983 1613 2040 ipse:
1647 1982 1804 2027 Gloses
1826 1984 2088 2029 Irlandaises

114 2055 170 2097 du
200 2055 425 2098 neuvieme
457 2053 601 2107 siecle,
633 2047 702 2096 HJ
722 2053 977 2097 d'Arbois
1008 2054 1072 2099 de
1100 2054 1445 2099 Jubainville
1477 2057 1646 2113 (Revue
1677 2057 2059 2116 Archeologique).

226 2127 396 2181 Quibus
425 2127 531 2172 viris
561 2133 782 2185 praeterea
810 2127 1039 2182 maximam
1069 2128 1248 2184 gratiam
1271 2129 1489 2185 habemuS,
1521 2130 1635 2187 quod
1655 2132 1878 2175 nobiscum
1900 2147 2088 2176 commu-

109 2201 363 2244 nicaverunt
391 2201 554 2258 aliquot
582 2201 1035 2244 commentatiunculas
1065 2201 1135 2245 vel
1163 2217 1371 2246 censuras
1401 2203 1604 2247 librorum
1633 2204 1818 2247 insertas
1850 2205 2086 2262 ephemeri-

110 2275 234 2318 dibus
267 2274 491 2332 gallicanis
533 2271 701 2328 (Revue
736 2273 938 2330 critique,
982 2274 1131 2318 Revue
1174 2274 1549 2334 archeologique),
1597 2277 1752 2334 quibus
1790 2278 2083 2333 ostenderunt,

109 2347 211 2404 quid
248 2347 365 2390 illius
404 2346 544 2403 gentis
582 2346 776 2389 homines
809 2346 1042 2404 profecturi
1073 2347 1249 2402 fuerint,
1290 2349 1328 2392 si
1365 2350 1537 2393 tandem
1576 2349 1806 2407 aliquando
1847 2351 2082 2395 litterarum

108 2419 261 2464 studiis
282 2419 521 2464 Germanos
553 2419 755 2462 aemulari
785 2420 960 2464 mallent
989 2435 1117 2479 quam
1146 2421 1269 2465 malis
1300 2423 1462 2466 artibus
1492 2423 1743 2480 impugnare
1774 2429 1817 2467 et
1845 2440 2074 2481 aspergere

116 2493 249 2547 sanie,
282 2493 433 2536 imbuti
462 2492 629 2536 invidia
655 2492 820 2536 insana.

224 2564 372 2610 Serius
414 2581 539 2622 quam
584 2581 694 2622 quae
731 2566 775 2608 in
814 2565 957 2623 operis
994 2567 1133 2623 ipsius
1171 2567 1355 2611 fructum
1393 2577 1645 2612 convertere
1682 2583 1882 2627 possem,
1922 2577 2076 2615 nactus

108 2654 201 2682 sum
232 2646 319 2681 tum
349 2654 459 2696 quae
491 2653 514 2681 e
535 2638 684 2681 codice
707 2638 972 2682 Vaticano
1003 2641 1112 2683 5755
1146 2640 1404 2696 (secundum
1435 2642 1748 2685 enarrationem
1776 2642 2079 2687 Reifferschei-

111 2712 181 2765 dii,
215 2710 507 2755 Bibliothecae
537 2718 702 2768 patrum
731 2711 983 2756 Latinorum
1012 2713 1193 2756 Italicae
1223 2712 1343 2756 Tom.
1367 2715 1406 2766 6,
1437 2729 1478 2770 p.
1498 2715 1603 2769 460)
1634 2715 1964 2759 familiarissime
1995 2732 2081 2760 me-

112 2799 210 2827 cum
250 2784 581 2828 communicavit
616 2800 738 2828 meus
773 2784 1042 2828 Martinus
1079 2785 1266 2839 Hertz,
1307 2786 1373 2829 vir
1410 2786 1696 2831 amicissimus
1733 2788 1817 2831 iam
1859 2805 1885 2832 a
1922 2789 2080 2845 pueris,

112 2858 319 2914 reliquias
349 2857 537 2915 computi
574 2872 669 2901 cum
708 2858 874 2902 duabus
911 2858 1070 2915 glossis
1096 2857 1339 2902 ‘hibernicis
1378 2858 1469 2915 (fol.
1493 2860 1532 2902 2.
1557 2859 1621 2916 3>:
1668 2856 1793 2904 ‘nihil
1829 2856 2081 2905 remanserit

1208 2931 1303 2974 aoht
1331 2931 1459 2973 toblizz
1477 2932 1581 2988 fuir
1610 2932 1759 2975 bissext
1962 2934 2066 2977 heim

107 2987 327 3030 bissextus
372 2993 449 3029 est.
522 2996 539 3029 1
574 3002 704 3030 unum
749 2994 824 3031 aut
859 2986 943 3031 duo
988 2987 1059 3031 uel
1095 2994 1184 3031 tres
1233 2993 1455 3031 remanent
1527 2989 1708 3033 bissexti
1765 3004 1849 3033 non
1877 2998 1933 3033 est
1953 2998 1991 3033 et
2024 3006 2077 3048 ne

107 3060 292 3102 cenelach,
327 3060 467 3102 lessam
498 3061 638 3102 anisui

162 3116 240 3159 tibi
395 3115 575 3159 forsitan
662 3116 809 3174 aliqua
842 3142 889 3148 -—
921 3117 1087 3175 pariter,
1110 3117 1164 3161 ad
1194 3120 1327 3161 suma.
1386 3116 1422 3160 F
1426 3117 1566 3161 iniunt
1596 3125 1848 3176 argumenta
1883 3120 2077 3176 pascaliu

106 3182 302 3231 tituloru.’
335 3212 388 3220 -·
421 3204 445 3232 e
466 3189 621 3245 quibus
651 3197 826 3248 propter
845 3190 1149 3246 obscuritatem
1180 3197 1224 3234 et
1243 3192 1557 3247 corruptionem
1589 3193 1797 3235 sermonis
1818 3191 1940 3234 latini
1969 3192 2076 3235 nihil

106 3262 211 3304 certi
241 3276 389 3305 eruere
418 3261 558 3318 potui,
596 3262 683 3306 nisi
713 3264 826 3319 quod
863 3264 909 3307 in
939 3263 1087 3320 glossa
1124 3265 1379 3325 posteriore,
1402 3265 1701 3320 corrigendum
1735 3279 1896 3309 censeo
1934 3266 2075 3307 anisiu

108 3334 417 3390 (adiumentum
448 3335 648 3390 generale
678 3338 913 3381 secandum
942 3337 1084 3394 ipsum
1113 3338 1232 3392 hoc);

215 3450 302 3484 tum
335 3457 444 3498 quae
477 3442 785 3499 benignissime
814 3444 919 3487 mihi
949 3445 1125 3488 tradidit
1154 3445 1188 3488 Ι.
1222 3444 1561 3503 Savelsberg.
1620 3445 1665 3490 Is
1699 3446 1809 3489 enim
1838 3451 2068 3502 postquam
