2336 3736
594 1066 1102 1142 PRAEFATlO
1155 1066 1631 1141 AUCTORls.

985 1268 1258 1278 -ῳ

251 1392 478 1475 Linguae,
518 1433 627 1476 quae
663 1416 775 1461 inter
803 1422 1008 1473 cognatas
1037 1416 1207 1473 linguas
1245 1415 1300 1459 ab
1335 1414 1461 1459 India
1498 1428 1577 1472 per
1611 1415 1765 1459 Asiam
1807 1419 1851 1459 et
1882 1414 2102 1473 Europam

139 1490 337 1534 dilatatas
359 1497 546 1536 extrema
575 1496 642 1535 est
669 1490 716 1534 in
735 1490 972 1544 occidente,
1002 1495 1208 1543 naturam,
1239 1488 1489 1539 varietatem
1509 1488 1750 1544 formasque
1780 1503 1804 1531 e
1831 1487 2104 1531 fundamento

137 1569 505 1608 monumentorum
541 1563 774 1607 extantium
803 1569 1070 1607 vetustorum
1108 1576 1323 1619 exponere
1352 1560 1591 1619 aggredior.
1659 1559 1806 1617 Opera
1834 1566 2104 1617 perscrutan-

138 1637 218 1681 dae
249 1637 430 1692 indicae,
463 1643 677 1680 extremae
708 1636 901 1680 eiusdem
930 1635 1117 1679 familiae
1147 1635 1193 1678 in
1222 1633 1345 1689 Asia,
1379 1648 1463 1691 qua
1482 1633 1706 1692 plurimum
1736 1633 1847 1677 lucis
1867 1634 2106 1691 linguarum

136 1710 327 1754 affinium
359 1710 544 1755 omnium
576 1708 783 1754 scientiae
813 1707 1070 1753 addiderunt
1099 1707 1180 1752 viri
1202 1708 1331 1762 docti,
1362 1706 1400 1751 si
1420 1707 1564 1763 magni
1595 1722 1765 1765 semper
1798 1706 1994 1750 habenda
2023 1714 2103 1761 est,

133 1798 222 1827 non
251 1781 375 1840 parvi
405 1783 535 1829 etiam
573 1783 654 1827 erit
682 1782 951 1826 aestimanda
982 1796 1115 1839 opera
1145 1796 1216 1836 ea,
1261 1795 1346 1838 qua
1381 1781 1457 1824 fiat
1485 1780 1666 1826 facultas
1696 1780 1955 1838 inspiciendi
1985 1779 2103 1836 leges

132 1855 305 1913 linguae
334 1856 523 1902 nationis
551 1856 710 1901 &actae
748 1856 864 1900 illius
898 1855 1068 1912 quidem
1098 1855 1180 1898 iam
1213 1855 1389 1907 dudum,
1432 1853 1510 1897 sed
1539 1852 1746 1898 latissime
1778 1853 1990 1910 quondam
2027 1868 2105 1911 per

130 1929 348 1987 Europam
378 1929 579 1986 patentis,
610 1929 734 1975 cuius
754 1929 928 1986 linguae
956 1929 1112 1971 rudera
1140 1928 1238 1972 ideo
1269 1944 1356 1971 non
1384 1939 1479 1970 rara
1501 1933 1600 1970 sunt
1629 1927 1710 1969 iam
1742 1942 1768 1971 a
1788 1927 1969 1969 vetustis
1999 1933 2104 1968 tem-

132 2002 323 2058 poribus,
363 2008 490 2060 atque
520 2002 646 2046 hodie
677 2017 847 2059 quoque
878 2008 1024 2045 extant
1052 2002 1095 2044 in
1128 2001 1228 2044 aliis
1257 2001 1569 2045 recentioribus
1612 1999 1785 2057 linguis.
1845 1998 1945 2053 Qua
1974 2013 2105 2055 opera

132 2076 263 2118 etiam
294 2076 563 2118 substruetur
590 2075 908 2119 fundamentum
936 2073 1242 2134 vocabulorum
1279 2074 1378 2117 moli
1408 2073 1570 2117 recenti
1611 2073 1679 2115 vel
1714 2072 1854 2116 adhue
1884 2073 2102 2129 superstiti

136 2149 229 2191 eius
261 2148 400 2204 gentis
432 2147 474 2190 in
507 2148 666 2204 linguis
696 2148 930 2198 hodiernis,
962 2147 1192 2200 hibernica,
1224 2146 1403 2204 gaelica,
1435 2144 1660 2198 cambrica,
1690 2145 1931 2188 aremorica.

125 2207 132 2215 ⁸
243 2221 296 2264 In
326 2221 493 2274 linguas
522 2221 742 2265 nationum
783 2222 986 2264 maiorum
1015 2220 1273 2273 vicinarum,
1305 2219 1573 2276 germanicae
1606 2224 1649 2261 et
1676 2218 1885 2271 slavicae,
1926 2218 2007 2261 iam
2038 2220 2104 2260 in·

130 2294 335 2353 quisitum
374 2309 471 2337 esse
499 2302 767 2352 perscrutato
797 2295 946 2338 eodem
975 2295 1251 2337 fundamento
1282 2292 1486 2336 historico
1516 2298 1906 2344 monumentorum,
1944 2290 2103 2333 nemini

130 2383 262 2425 gnaro
293 2368 552 2411 eruditorum
581 2368 833 2412 recentioris
871 2367 1026 2411 aetatis
1064 2367 1255 2409 laborum
1285 2365 1478 2421 ignotum
1509 2371 1587 2408 est.
1659 2365 1844 2407 Nostrae
1873 2363 1998 2406 huius
2030 2378 2103 2406 ex-

129 2448 288 2483 tremae
319 2440 365 2483 in
395 2439 618 2484 occidente
647 2440 819 2499 linguae
851 2447 1124 2483 monumenta
1156 2444 1325 2482 vetusta
1353 2437 1516 2494 scripta
1553 2452 1579 2480 a
1609 2436 1712 2480 viris
1755 2436 1993 2493 indigenis,
2035 2451 2100 2478 ra-

130 2514 246 2557 tione
284 2528 370 2557 non
401 2512 547 2556 habita
574 2513 792 2557 nominum
823 2519 1086 2557 servatorum
1125 2528 1152 2555 a
1181 2511 1461 2569 scriptoribus
1493 2511 1818 2563 vetustioribus,
1859 2508 2025 2566 graecis
2057 2514 2100 2550 et

131 2585 289 2639 latinis,
322 2591 502 2629 aetatem
532 2585 704 2642 quidem
732 2602 820 2630 non
841 2586 1057 2642 attingunt
1086 2591 1451 2628 monumentorum
1480 2583 1749 2641 germanicae
1779 2584 1964 2638 linguae,
1996 2581 2103 2624 inci-

130 2658 335 2716 pientium
367 2673 393 2702 a
422 2659 595 2702 saeculo
626 2666 787 2717 quarto,
819 2664 1023 2716 superant
1050 2664 1194 2701 tamen
1223 2657 1338 2700 haud
1369 2656 1497 2701 dubie
1526 2663 1708 2701 aetatem
1738 2661 2100 2700 monumentorum

133 2732 321 2775 slavicae
350 2731 536 2789 linguae.
595 2730 820 2777 Eiusmodi
850 2748 903 2776 ex
922 2732 1209 2774 monumentis
1240 2735 1479 2774 extructum
1500 2737 1568 2774 est
1594 2731 1678 2774 hoo
1699 2744 1822 2787 opus.

242 2803 305 2847 Ut
332 2804 504 2860 linguae
534 2805 755 2849 nationum
793 2804 1079 2861 frequentium
1117 2812 1160 2847 et
1196 2804 1281 2847 late
1312 2803 1546 2860 patentium
1583 2803 1752 2847 variant
1778 2800 2102 2846 sonnationibus

133 2884 175 2920 et
203 2877 410 2930 dialectis,
440 2876 502 2920 ita
531 2877 657 2920 etiam
678 2878 826 2934 lingua
854 2877 1021 2932 celtica,
1052 2885 1099 2920 ut
1120 2876 1399 2921 communiter
1429 2876 1584 2919 dicitur
1612 2884 1802 2920 extrema
1828 2874 1935 2918 haec
1966 2875 2010 2917 in
2031 2888 2101 2916 oc-

133 2950 319 3005 cidente,
351 2951 600 2994 varietatem
629 2966 750 2994 suam
781 2950 988 3008 explicuit
1017 2951 1103 2993 iam
1134 2951 1187 2994 ab
1208 2949 1397 3006 antiquis
1425 2949 1703 3006 temporibus.
1763 2947 1887 3003 Quae
1918 2947 2102 2990 varietas

133 3024 307 3081 cognita
337 3031 404 3066 est
429 3024 511 3066 iam
542 3023 725 3067 Caesari
756 3023 915 3067 dicenti
948 3023 1019 3079 (B.
1051 3023 1148 3079 gall.
1187 3025 1221 3078 1,
1247 3023 1313 3078 1),
1344 3021 1516 3080 Belgas,
1549 3022 1816 3079 Aquitanos,
1856 3019 2002 3066 Celtas
2035 3020 2103 3063 vel

132 3096 286 3141 Gallos
316 3097 480 3153 lingua,
512 3097 744 3149 institutis,
776 3096 944 3153 legibus
974 3097 1086 3139 inter
1118 3112 1164 3139 se
1205 3096 1395 3149 differre,
1435 3102 1477 3138 et
1515 3095 1667 3138 melius
1699 3094 1902 3141 Straboni
1941 3093 2034 3149 (lib.
2063 3095 2101 3146 4,

131 3185 172 3227 p.
211 3169 329 3225 176),
371 3170 441 3227 qui
473 3171 715 3227 Aquitanos
754 3171 925 3213 omnino
964 3169 1158 3214 diversos
1197 3185 1223 3212 a
1261 3168 1400 3213 Gallis
1439 3176 1481 3211 et
1517 3167 1856 3211 adnumerandos
1885 3166 2098 3218 Iberibus,

135 3243 285 3287 Gallos
318 3251 458 3285 autem
488 3243 608 3300 ipsos
638 3243 810 3300 paulum
839 3243 987 3299 lingua
1006 3242 1175 3286 differre
1206 3240 1386 3297 (μικρὸν
1419 3236 1818 3295 παραλλάττονιας
1844 3241 1946 3288 ταῖς
1965 3233 2102 3293 γλώτ-

132 3316 252 3374 ταις)
285 3317 475 3358 affirmat.
539 3314 620 3359 Cui
653 3316 688 3357 si
720 3315 906 3369 additur,
947 3316 1062 3373 quod
1092 3314 1248 3358 asserit
1276 3314 1451 3358 Tacitus
1483 3313 1650 3370 (Agrio.
1683 3314 1775 3365 11),
1806 3310 2028 3356 Gallorum
2062 3314 2106 3354 et

131 3388 433 3432 Britannorum
465 3403 698 3432 sermonem
730 3387 841 3431 haud
871 3389 1048 3432 multum
1078 3389 1306 3442 diversum,
1338 3395 1585 3440 statuemus,
1618 3386 1893 3429 dialectorum
1924 3386 2103 3428 varieta-

1810 3472 1832 3498 a
