2336 3736
619 276 702 318 III.
735 276 777 318 2.
823 287 988 317 rnnxxo
1021 288 1155 318 vnum
1188 288 1432 319 HIBERNICI.
1698 280 1887 319 (427-428)
1932 279 2014 320 425

50 398 151 453 (erit
179 399 429 454 contentus)
472 401 511 451 6,
548 399 610 440 18.
662 412 724 439 em
754 399 996 440 dascorchas
1026 400 1099 440 <loe
1134 399 1445 455 (expergefecit
1473 416 1540 442 me
1572 401 1697 453 deus3
1733 416 1835 453 e—m‚
1865 417 1885 443 e
1920 416 2015 443 cum

48 481 167 520 pron.
199 465 329 506 infixo
368 469 401 506 1.
424 466 559 521 pers.)
585 467 646 518 12,
670 467 722 507 ‘25
780 481 842 507 me
871 483 898 508 a
922 466 1076 521 preder
1105 466 1240 519 (curo,
1272 467 1435 521 cogito)
1457 468 1496 519 8,
1519 469 1557 509 9.
1590 468 1656 520 28,
1681 471 1718 510 7.
1757 484 1819 510 me
1846 486 1874 510 a
1891 482 2015 525 your·

45 533 204 574 chemen
239 532 498 588 (praecipio)
535 533 600 585 26,
628 533 695 574 22.
746 548 807 573 me
844 549 871 575 a
911 534 1018 573 laeso
1059 532 1335 588 (relinquam)
1372 534 1410 585 8,
1441 536 1478 577 7.
1527 550 1583 589 ny
1619 551 1645 575 a
1670 537 1775 589 pedo
1811 535 1911 589 (nos
1941 551 2014 593 pe-

45 599 203 654 temus)
237 600 301 652 16,
324 602 366 641 9.
406 600 488 653 incy
517 616 544 641 a
571 600 689 656 quelo
720 599 964 654 (videbitis)
992 601 1083 652 100,
1106 601 1144 642 8.
1185 601 1259 641 doe
1288 617 1315 641 a
1339 601 1441 642 miro
1473 602 1600 654 (deus
1622 602 1855 657 custodiet)
1885 605 1924 656 6,
1948 604 2014 644 25.

44 681 107 707 me
142 682 191 708 az
220 680 356 722 yoano
398 681 457 707 me.
493 682 544 708 az
575 681 667 722 3009
706 668 807 724 (ego
843 673 886 710 te
923 667 1164 720 infirmabo,
1203 673 1243 709 te
1280 669 1535 724 percutiam)
1576 670 1641 723 10,
1672 671 1709 710 9.
1743 672 1807 712 10.
1875 670 2013 714 Multo

44 740 183 776 tamen
225 733 396 791 saepius
438 734 596 776 excidit
626 735 669 776 A
707 750 831 791 quam
869 735 913 776 in
945 734 1098 776 ceteris
1127 735 1348 789 dialectis,
1390 751 1475 778 non
1515 736 1651 779 solum
1687 743 1784 780 ante
1813 739 1944 780 verba
1973 745 2016 780 et

42 800 296 857 pronomina
326 801 459 843 infixa
488 801 709 844 vocalibus
740 802 941 845 inchoata
969 817 1020 845 ac
1051 802 1254 858 plurimas
1284 803 1442 846 formas
1474 804 1593 846 verbi
1625 804 1900 858 substantivi,
1942 821 2013 847 ve-

41 885 135 911 rum
165 869 290 912 etiam
321 875 546 926 praeterea
573 868 686 911 haud
716 885 811 912 raro
842 871 961 912 nulla
990 878 1106 913 certa
1135 870 1251 926 lege:
1287 885 1375 912 mez
1406 871 1546 926 beniq,
1577 887 1661 913 mez
1689 873 1832 929 suppli
1860 873 2011 927 (bene-

45 937 154 989 dico,
188 937 382 993 supplico
404 937 502 991 tibi)
530 936 638 978 Buh.
666 939 734 987 26,
761 939 824 979 18.
857 940 925 989 44,
950 937 987 979 ξ).
1032 954 1084 978 zm
1118 939 1194 978 den
1227 954 1307 992 nyn
1339 953 1455 979 ezneo
1484 938 1632 992 (homo
1653 955 1777 995 quem
1797 941 2014 994 novimus)

47 1005 137 1056 184,
172 1005 235 1046 10.
296 1019 355 1045 me
386 1005 537 1060 preder
576 1004 719 1059 (curo)
751 1007 789 1058 8,
813 1007 852 1047 4.
905 1020 968 1045 me
993 1006 1089 1060 quel
1124 1004 1293 1060 (video)
1334 1005 1488 1057 18,16.
1534 1021 1595 1048 me
1631 1021 1790 1063 compeo
1828 1007 2006 1063 (dicam)

47 1071 108 1124 18,
134 1073 199 1114 24.
246 1086 301 1127 ny
330 1085 519 1127 quemero
550 1072 810 1129 (sumemus)
841 1074 908 1125 34,
936 1075 997 1115 11.

733 1477 954 1534 CAPUT
988 1478 1333 1533 ALTERUM.

765 1591 842 1639 De
880 1592 1017 1639 verbi
1051 1591 1281 1639 flexione.

149 1725 314 1769 Maiore
353 1725 576 1767 formarum
616 1725 742 1782 copia
781 1725 851 1767 hic
888 1740 1058 1781 quoque
1091 1726 1262 1769 excellit
1292 1725 1438 1781 lingua
1468 1725 1711 1778 hibernica,
1760 1741 2014 1784 quamquam

38 1808 92 1835 ne
125 1794 412 1836 britannicum
455 1794 625 1849 quidem
654 1797 833 1837 verbum
872 1792 1056 1834 flexione
1093 1794 1251 1849 pariter
1281 1793 1439 1835 defecit
1475 1808 1526 1835 ac
1564 1794 1899 1848 substantivum,
1939 1796 2013 1839 sed

42 1861 230 1903 servavit
259 1861 468 1916 quaedam
500 1861 693 1917 propria,
726 1862 881 1917 quibus
912 1860 1001 1902 fere
1032 1869 1148 1903 caret
1173 1861 1458 1914 hibernicum,
1490 1861 1533 1903 in
1566 1861 1750 1904 flexione
1780 1868 2015 1920 temporum

36 1927 199 1970 secund
207 1928 401 1970 ariorum.

625 2166 662 2214 l.
724 2166 981 2215 Verbum
1027 2165 1422 2215 hibernicum.

149 2286 336 2331 Primum
375 2289 560 2331 omnium
600 2289 652 2331 de
694 2288 876 2331 flexione
916 2289 1036 2331 verbi
1073 2288 1155 2331 hoc
1194 2289 1375 2331 maxime
1411 2290 1626 2345 proprium
1669 2290 1905 2333 habendum
1946 2300 2013 2335 est

34 2354 193 2397 veteris
222 2354 394 2412 linguae
424 2356 682 2410 hibernicae,
716 2356 827 2412 quod
859 2355 902 2397 in
933 2356 1207 2411 primariis
1238 2356 1577 2412 temporibus
1607 2364 1692 2399 tam
1723 2358 1852 2401 activi
1882 2374 2009 2415 gene=

32 2423 91 2464 ris
123 2437 249 2479 quam
279 2424 405 2466 medii
440 2431 483 2466 et
512 2424 675 2480 passivi
706 2438 800 2465 cum
833 2429 996 2466 ceteras
1027 2430 1115 2465 tum
1145 2424 1311 2467 tertiam
1342 2423 1562 2480 utriusque
1593 2425 1754 2468 numeri
1786 2441 2011 2482 personam

33 2489 259 2546 designare
290 2491 516 2534 consuevit
553 2492 739 2535 formis
768 2491 936 2542 binis,
979 2490 1142 2532 numeri
1173 2491 1441 2547 potissimum
1480 2506 1531 2534 ac
1574 2493 1821 2535 sonoritatis
1860 2493 2011 2536 discri-

32 2557 144 2599 mine
176 2559 399 2614 separatis,
433 2560 486 2601 ad
519 2575 624 2616 quas
654 2560 698 2601 in
729 2559 857 2602 activi
891 2559 1060 2614 generis
1092 2574 1277 2616 persona
1306 2560 1432 2601 tertia
1460 2560 1672 2602 accedunt
1699 2560 1895 2617 propriae
1926 2561 2010 2604 for-

31 2640 124 2667 mae
159 2625 374 2668 relativae.
435 2627 504 2669 Ex
533 2627 620 2669 illis
650 2627 782 2683 igitur
810 2626 956 2668 formis
986 2626 1121 2668 altera
1150 2626 1350 2683 (amplior
1381 2627 1478 2683 ipsa
1507 2628 1575 2670 vel
1598 2628 1844 2684 ampliorem
1875 2627 2008 2685 signi-

32 2691 167 2734 ficans
213 2699 261 2734 ut
289 2693 333 2736 in
364 2694 605 2750 praesentis
636 2702 716 2737 act.
750 2695 789 2737 3.
819 2708 932 2750 pers.
964 2708 1028 2749 sg.
1060 2694 1143 2736 -id.
1177 2694 1232 2749 pl.
1255 2696 1329 2745 -it,
1359 2695 1403 2736 in
1434 2710 1549 2751 pass.
1583 2710 1646 2751 sg.
1679 2699 1765 2747 -z'r‚
1796 2696 1921 2747 -tlzir‚
1950 2695 2009 2752 pl.

32 2759 130 2813 -tir)
165 2760 287 2815 quasi
318 2761 568 2803 absoluta
597 2761 781 2804 dicenda
811 2767 897 2814 est,
931 2761 1107 2803 exclusa
1135 2761 1210 2803 illa
1244 2762 1413 2817 quidem
1441 2777 1468 2805 a
1496 2764 1719 2806 verborum
1751 2762 2007 2819 composito-

29 2841 119 2869 rum
151 2842 232 2870 usu
259 2843 342 2870 nec
370 2828 455 2870 nisi
485 2828 546 2870 ita
588 2844 614 2870 a
644 2828 909 2885 simplicibus
940 2828 1153 2882 derivata,
1190 2836 1238 2870 ut
1268 2845 1350 2871 non
1383 2831 1642 2886 praecedant
1671 2831 1906 2887 particulae
1937 2839 2010 2874 aut

29 2894 225 2937 verbales
265 2901 338 2937 aut
373 2902 472 2951 post
509 2911 615 2952 quas
652 2896 773 2939 locus
810 2911 897 2938 non
929 2904 996 2938 est
1023 2896 1258 2952 particulae
1286 2911 1338 2938 no
1372 2897 1445 2951 (cf.
1476 2912 1516 2954 p.
1551 2897 1680 2953 415),
1720 2897 1866 2941 horum
1907 2914 2008 2941 vero

37 2962 223 3004 omnium
253 2963 489 3005 communis
520 2963 598 3015 ita,
631 2970 677 3004 ut
707 2963 845 3005 omnis
873 2962 961 3005 fere
992 2963 1164 3005 tollatur
1195 2964 1387 3006 ordinum
1417 2964 1483 3006 vel
1516 2965 1718 3007 serierum
1749 2966 2008 3018 differentia;

35 3043 87 3070 ex
120 3043 206 3086 qua
236 3029 433 3072 flexionis
466 3031 612 3086 specie
644 3030 893 3087 prodierunt
921 3030 1154 3073 hodiernae
1174 3031 1293 3073 verbi
1323 3031 1644 3075 terminationes
1675 3033 1823 3088 paucis
1855 3049 2009 3089 excep-

30 3096 85 3138 tis
123 3111 293 3150 omnes3
331 3097 504 3140 brevior
539 3098 674 3140 forma
702 3097 836 3140 altera
877 3096 1029 3152 (cuius
1067 3112 1231 3153 paucae
1259 3098 1469 3154 reliquiae
1503 3115 1638 3156 usque
1676 3100 1730 3142 ad
1759 3099 2008 3142 hodiernum

32 3163 142 3205 diem
172 3170 467 3206 remanserunt
495 3164 540 3206 in
572 3165 712 3208 verbis
744 3163 1000 3221 quibusdam
1030 3165 1290 3220 anomalis*)
1331 3181 1498 3224 semper
1529 3174 1595 3210 est
1624 3168 1908 3210 subiuncta
1938 3168 2004 3210 vel

29 3229 424 3285 praepositionibus
456 3233 524 3274 vel
545 3233 766 3288 particulis
799 3231 1051 3288 quibusdam
1085 3239 1131 3273 ut
1159 3233 1404 3275 verbalibus
1425 3249 1490 3285 πο,
1520 3249 1581 3287 ro,
1615 3235 1830 3291 negativis
1861 3238 1918 3286 ni,
1950 3237 2005 3276 ‘na‘

119 3354 211 3390 ‘ct
235 3354 306 3389 heir
328 3355 364 3389 86³
389 3356 485 3399 (dat),
511 3356 586 3390 det'r
608 3356 645 3390 δέ
668 3355 797 3398 (dicit),
821 3354 895 3399 ‚qeib
919 3354 955 3388 δέ
979 3355 1146 3396 (invenit),
1175 3353 1229 3400 riq
1254 3354 1290 3389 se'
1301 3358 1582 3437 (οοῑιεεὲειιίῑιιῐ),
1609 3358 1656 3403 tif]
1679 3358 1715 3392 3έ
1740 3359 1880 3399 (venit),
1907 3355 1941 3392 ei
1963 3358 1999 3392 δέ

28 3400 163 3442 (videt),
187 3401 272 3445 quin
295 3401 400 3435 etiam
424 3402 483 3436 rel.
510 3414 532 3435 a
557 3401 631 3436 deir
654 3401 725 3445 (qui
749 3400 860 3442 dicit),
884 3403 1003 3435 contra
1027 3401 1197 3445 simplicia
1221 3401 1332 3435 beirid
1356 3412 1392 3436 se
1417 3404 1429 3444 (
1443 3404 1523 3445 e,rt)
1545 3370 1656 3448 ym'd‘q
1656 3402 1692 3437 ,ιε’
1715 3404 1841 3445 (facit),
1868 3403 1996 3438 beireas

28 3445 79 3479 vel
105 3444 228 3480 heir-ios
254 3446 326 3492 (qui
350 3446 441 3489 fort).
