2336 3736
313 224 389 265 193
435 223 619 265 <me-21⁷)
661 220 692 262 I.
723 221 760 263 2.
807 229 1042 262 CONSONAE
1071 228 1374 279 nmmumoffl
1403 229 1688 260 moneamus
1716 228 2008 259 Dssrrrums.

309 345 459 403 dyllas)
490 345 555 398 94,
586 344 624 386 2.
664 343 758 396 254,
781 347 818 384 3.
863 356 891 399 y
920 342 995 384 das
1023 340 1162 399 (pater
1191 340 1301 397 eius)
1339 342 1377 395 9,
1411 342 1446 383 1.
1483 341 1577 397 213,
1606 342 1644 383 2.
1698 351 1750 396 33]
1777 340 2002 397 qomfortye
2038 340 2119 396 (ad
2148 339 2240 383 eius

311 410 689 465 confirmationem)
724 410 785 463 18,
809 409 846 452 3.
878 409 944 462 58,
966 408 1005 452 2.
1049 408 1090 464 c)
1118 407 1224 451 Post
1252 423 1370 465 pron.
1403 409 1441 450 2.
1462 423 1574 465 pers.
1597 408 1704 463 sing.
1734 414 1822 450 tam
1840 422 1951 464 pers.
1983 422 2104 464 quam
2125 422 2240 464 poss.
2311 407 2313 410 ’

309 482 483 524 infixum
512 477 678 521 mediae
708 476 823 519 solae
854 475 916 531 <et
944 491 998 529 m,
1025 475 1109 532 9²0)
1141 475 1440 519 destituuntur:
1480 490 1542 517 me
1572 477 1628 517 ad
1656 476 1774 518 ‘melas
1805 475 1867 530 (te
1896 474 2004 530 vidi)
2035 473 2083 516 P.
2113 475 2179 527 84,
2202 475 2240 517 3.

308 563 401 591 mar
428 547 526 603 ¹12ka
555 543 719 599 wollzaff
745 543 908 597 (sinon
927 542 1077 585 lavabo
1098 543 1159 598 te)
1180 544 1247 596 46,
1270 545 1308 586 3.
1357 551 1403 599 fest
1431 543 1530 584 allos
1561 542 1625 597 (in
1655 548 1862 599 potestate
1891 542 1982 597 tua)
2013 542 2079 595 22,
2102 542 2149 594 33
2178 547 2242 584 te·

310 615 457 659 nuium
487 608 584 656 et'd
613 617 871 654 servatarum
901 610 1092 666 exempla
1119 610 1267 653 videas
1296 611 1350 653 A.
1372 610 1405 661 I.
1429 611 1466 651 8.
1515 609 1741 652 Praeterea
1771 610 1979 653 interdum
2006 608 2144 651 media
2173 607 2245 651 de-

312 683 458 727 stituta
493 681 539 723 in
569 679 795 735 aspiratam
830 677 892 734 (p.
924 677 1022 732 141)
1053 677 1314 734 provehitur,
1363 693 1454 720 cum
1484 682 1581 732 post
1611 684 1821 720 servatum
1858 683 1891 719 t:
1932 692 1960 733 ξι]
1987 684 2049 718 ret
2065 676 2246 732 flamycw

314 751 360 806 (ii
389 756 432 793 te
460 745 770 804 vituperarunt)
801 744 850 787 P.
882 745 947 798 92,
979 745 1019 798 2,
1049 750 1136 787 tum
1165 751 1181 786 t
1210 745 1291 801 (ck)
1324 758 1521 798 excusso,
1560 751 1605 787 ut
1631 745 1675 788 in
1705 746 1836 788 verbo
1868 743 2150 788 substantivo:
2191 759 2246 800 ny

306 818 401 876 syth
431 817 537 873 (non
567 816 644 858 erit
672 812 769 868 tibi)
799 812 854 857 D.
886 814 1007 856 1902.
1053 828 1151 855 onor
1180 830 1207 855 a
1224 813 1325 869 syth
1364 813 1515 868 (honor
1544 813 1621 856 tibi
1652 812 1750 867 erit)
1780 812 1835 855 D.
1870 812 1987 855 1904.
2032 818 2073 867 ty
2102 826 2128 852 a
2150 810 2249 866 syth,

316 886 414 943 (tibi
446 885 545 937 erit,
584 889 630 924 tu
659 882 857 937 habebis)
895 881 949 925 D.
976 882 1068 924 128.
1101 881 1192 922 134.
1223 882 1317 923 590.
1349 882 1443 923 600.
1478 883 1582 923 1367
1622 901 1662 916 :-
1694 889 1728 922 te
1759 897 1782 921 α
1806 879 1924 935 syth,
1962 886 1999 920 te
2028 895 2053 920 a
2075 879 2165 935 secla
2194 879 2242 922 P.

318 955 408 1007 136,
432 954 469 996 3.
504 953 568 1005 16,
591 951 628 993 3.
680 949 727 1005 d)
758 949 863 992 Post
890 957 945 1005 ty,
974 957 1009 991 te
1038 950 1082 991 in
1111 949 1306 992 vocativo
1338 949 1451 992 solo:
1484 956 1519 990 te
1546 959 1620 1004 'jen
1652 948 1718 1004 (tu
1747 947 1889 1002 homo)
1920 945 1969 989 P.
2000 949 2091 1001 177,
2124 949 2162 990 3.
2207 955 2248 1003 ty

313 1037 437 1065 venen
467 1023 532 1077 (tu
549 1017 720 1073 mulier)
740 1016 791 1059 R.
814 1016 908 1058 917.
947 1024 988 1073 ty
1018 1031 1129 1058 vaow
1159 1016 1223 1072 (tu
1253 1016 1375 1073 puer)
1408 1016 1458 1059 O.
1481 1017 1603 1059 2317.
1653 1017 1691 1071 e)
1723 1016 1827 1059 Post
1848 1015 2095 1072 pronomina
2122 1015 2250 1058 inter-

314 1089 524 1147 rogativa:
562 1102 653 1143 pan
683 1086 761 1126 dra
791 1084 920 1141 (quae
945 1085 1042 1127 res?
1072 1083 1218 1140 quid?)
1256 1082 1305 1126 P.
1337 1085 1402 1137 46,
1427 1085 1463 1126 2.
1495 1085 1560 1137 50,
1585 1085 1622 1127 3.
1668 1085 1733 1137 67,
1757 1084 1794 1127 2.
1826 1084 1892 1136 80,
1918 1084 1954 1125 1.
1985 1096 2044 1138 py
2067 1097 2252 1141 yy-mmys

320 1155 571 1214 (quantumi'
600 1152 767 1210 kymm.)
801 1152 893 1207 185,
915 1153 954 1196 4.
985 1151 1036 1197 Ο.
1058 1152 1180 1194 2104.

428 1224 736 1267 Aremorica
772 1221 1022 1280 pronomina
1050 1219 1150 1262 item
1184 1219 1457 1262 destituentia
1495 1220 1550 1261 da
1579 1218 1708 1275 (tuus,
1738 1218 1822 1275 te),
1861 1220 1911 1260 he'
1938 1218 2074 1274 (suus,
2105 1232 2249 1271 masc.,

320 1293 444 1349 eum).
484 1292 553 1334 De
572 1307 761 1348 pronom.
783 1306 832 1332 a:
853 1289 934 1345 (te)
966 1288 1121 1331 confer.
1144 1288 1198 1329 A.
1219 1287 1253 1329 I.
1273 1289 1313 1329 4.
1336 1288 1374 1331 8.
1423 1287 1548 1330 Pron.
1568 1286 1935 1343 interrogativum:
1960 1285 2083 1343 pebez
2103 1285 2254 1342 (quid?

311 1377 367 1418 pe
389 1360 484 1417 pez)
512 1360 621 1404 Buh.
660 1361 725 1413 58,
750 1359 814 1400 14.
855 1364 1095 1414 pequemem
1124 1355 1385 1410 (quantum),
1410 1370 1567 1412 peyuen
1598 1354 1691 1396 bras
1724 1354 1964 1412 (quantus),
1988 1368 2147 1410 peyuen
2170 1352 2255 1409 pell

321 1429 573 1486 (quamdiu),
599 1443 653 1484 pe
682 1429 737 1469 clu
769 1424 996 1483 Quorsus?
1026 1424 1088 1479 tu)
1120 1422 1240 1466 Cath.
1298 1423 1405 1466 Item
1434 1423 1580 1466 hodie:
1615 1426 1669 1480 pe'
1695 1424 1811 1465 veroli
1841 1422 1968 1478 (quae
1998 1419 2201 1478 puella?).

436 1499 474 1539 6.
519 1496 625 1539 Post
654 1495 827 1538 verbum
858 1491 1169 1536 substantivum
1199 1492 1341 1534 camb
1353 1491 1533 1535 ricum:
1565 1500 1629 1533 tra
1659 1490 1775 1546 vaf
1793 1505 1880 1546 vyw
1912 1489 2057 1545 (quam
2086 1490 2157 1533 diu
2187 1504 2257 1533 ero

320 1565 467 1621 vivus)
497 1563 612 1608 Mab.
638 1566 674 1618 1,
698 1565 762 1606 37.
802 1577 857 1617 gin
885 1575 912 1617 ξι]
943 1561 993 1602 lle
1020 1575 1048 1615 y
1078 1560 1140 1601 bei
1167 1574 1311 1615 vrynn,
1329 1592 1337 1603 .
1356 1575 1464 1616 .yny
1495 1561 1544 1601 lle
1569 1575 1596 1615 3]
1627 1560 1688 1602 bei
1716 1559 1806 1600 {noll
1833 1559 1897 1612 (in
1928 1558 2036 1610 loco,
2068 1558 2140 1602 ubi
2171 1563 2260 1600 erat

324 1633 515 1686 elevatio,
535 1665 544 1674 .
564 1631 633 1674 .in
663 1631 756 1673 loco
786 1630 859 1672 ubi
891 1634 980 1671 erat
1010 1627 1229 1681 demissi03
1262 1627 1405 1683 bryan,
1433 1627 1549 1683 pwll)
1581 1630 1618 1679 2,
1642 1629 1734 1670 372.
1758 1628 1852 1670 373.
1893 1626 2030 1681 aphau
2058 1641 2115 1667 uu
2143 1640 2260 1668 uarw

323 1717 352 1758 y
377 1717 466 1758 ρων
497 1700 560 1756 (et
589 1714 683 1741 cum
714 1703 826 1740 esset
854 1702 1040 1739 mortuus
1070 1696 1154 1752 vir)
1188 1698 1224 1750 1,
1247 1697 1313 1739 28.
1349 1712 1376 1752 y
1408 1695 1565 1737 buassez·
1588 1704 1689 1751 yynt
1718 1694 1872 1749 (fuerat
1901 1698 2042 1746 antea3
2073 1692 2189 1749 kynt)
2223 1694 2259 1746 1,

325 1771 391 1812 29.
429 1783 525 1825 puvy
555 1767 743 1809 anua-sm·
770 1779 865 1806 oren
906 1765 1020 1820 (quis
1052 1764 1203 1807 fuisset
1228 1764 1506 1816 fortissimus3
1543 1762 1688 1820 gorea)
1722 1765 1757 1816 1,
1780 1763 1873 1804 290.
1926 1761 2134 1815 ytcoedynt
2158 1775 2261 1816 99⁷2-

325 1844 453 1893 wynet
483 1836 623 1891 (erant
652 1849 786 1889 aeque
817 1832 925 1885 alba,
958 1832 1090 1887 arma)
1124 1835 1158 1886 1,
1181 1834 1219 1875 4.
1271 1831 1357 1876 Sed
1385 1830 1530 1874 videas
1563 1831 1689 1873 etiam
1719 1830 1913 1887 exempla
1943 1834 2134 1872 servatae
2162 1842 2262 1870 con—

328 1921 457 1950 sonae
487 1904 737 1961 originariae
770 1917 898 1958 supra
927 1902 981 1943 A.
1003 1900 1036 1942 I.
1060 1902 1097 1942 5.

437 1975 543 2017 Post
572 1974 741 2016 verbum
783 1969 1035 2013 cambricum
1072 1968 1255 2010 activum
1284 1968 1352 2011 vel
1381 1974 1573 2011 neutrum
1601 1968 1670 2010 vel
1699 1966 1918 2024 passivum
1946 1966 2046 2008 item
2076 1978 2264 2008 consona

328 2044 595 2103 principalis,
635 2042 725 2084 sive
758 2040 946 2095 sequitur
976 2038 1211 2081 subiectum
1242 2037 1331 2080 sive
1363 2037 1592 2091 obiectum,
1631 2036 1752 2078 modo
1789 2040 1929 2077 manet
1956 2034 2113 2077 intacta
2139 2029 2263 2075 modo

331 2112 581 2156 destituitur.
639 2107 942 2152 Destitutionis
975 2107 1183 2162 exempla:
1213 2106 1398 2162 quelsez·
1413 2120 1550 2161 yynon
1578 2104 1760 2160 (viderat
1780 2103 1965 2160 Cynon),
1995 2100 2268 2158 ydyweclaesez'

327 2196 459 2237 ygsnon
491 2179 676 2234 (dixerat
710 2175 779 2230 G.)
818 2174 934 2217 Mat.
966 2176 1002 2227 1,
1034 2177 1095 2217 12.
1133 2176 1197 2217 13.
1246 2189 1301 2229 ny
1331 2173 1530 2228 chwaryec'
1557 2174 1718 2214 wezlsson
1757 2172 1863 2227 (non
1891 2171 2092 2214 ludebant
2125 2167 2264 2226 pueri)

336 2251 370 2301 1,
394 2249 488 2290 242.
529 2245 739 2302 lcfflfodwclc
767 2244 930 2285 weisson
963 2242 1142 2298 (surgite
1162 2242 1322 2299 pueril)
1347 2243 1381 2294 1,
1405 2242 1498 2283 245.
1557 2240 1664 2284 Cum
1694 2246 1760 2283 est
1787 2240 2014 2282 obiectum:
2042 2253 2071 2295 3]
2095 2237 2267 2294 qwelgjnt

334 2316 498 2371 vackwy
529 2314 751 2369 (videbant
766 2311 960 2369 puerum)
983 2311 1020 2364 2,
1043 2311 1137 2353 384.
1174 2310 1313 2352 awelei
1337 2309 1561 2363 vat-oham,
1589 2324 1617 2365 q]
1633 2309 1805 2365 ywelynt
1822 2308 2036 2350 uara-hawe-
2063 2305 2266 2362 (videbat,

332 2384 536 2427 videbant
565 2381 766 2438 equitem)
794 2382 827 2432 1,
854 2380 914 2421 13.
940 2379 1004 2421 33.
1037 2380 1074 2432 2,
1098 2379 1191 2420 388.
1230 2376 1427 2432 efawelez'
1444 2385 1547 2432 vwgst
1567 2376 1757 2431 (videbat
1776 2376 1936 2429 cibum3
1968 2375 2090 2430 bwyt)
2115 2375 2150 2426 1,
2171 2373 2266 2415 239.

330 2467 358 2508 y
386 2451 551 2509 μωρία-η
580 2465 639 2490 wo·
670 2448 885 2503 (videbam
913 2446 1093 2501 virum),
1132 2460 1178 2487 or
1203 2445 1330 2501 yzzaeecy
1356 2447 1475 2486 uafre-ic
1505 2445 1563 2500 (si
1591 2445 1711 2487 vides
1741 2443 1958 2499 feminam)
1992 2445 2027 2495 1,
2050 2443 2087 2484 3.
2109 2440 2204 2483 238.
2239 2454 2267 2495 y

331 2518 470 2575 91welez'
497 2517 626 2573 bebyll
649 2516 839 2570 (videbat
867 2516 1112 2567 tentorium3
1140 2512 1294 2569 pebyll)
1328 2514 1363 2565 1,
1386 2513 1480 2555 239.
1527 2528 1573 2554 07·
1600 2513 1722 2569 lcaffez'
1750 2513 1858 2554 vedio
1886 2513 1941 2553 da
1971 2509 2029 2566 (si
2058 2509 2269 2566 acciperet

334 2587 543 2629 medicum
573 2585 747 2637 bonum)
782 2586 817 2637 1,
840 2584 935 2627 258.
1001 2582 1211 2639 Exempla
1239 2595 1452 2623 consonae
1480 2580 1715 2637 primitivae
1747 2585 1938 2623 servatae
1965 2578 2020 2624 A.
2050 2576 2085 2620 I.
2116 2577 2155 2618 5.

446 2652 715 2695 Pronominis
747 2651 945 2694 cambi-ici
974 2649 1213 2708 personalis
1244 2650 1282 2691 2.
1313 2664 1422 2705 pers.
1455 2650 1562 2705 sing.
1594 2652 1635 2702 ti,
1667 2649 1754 2702 tidi,
1787 2649 1910 2690 titheu
1938 2659 2126 2689 consona
2153 2642 2269 2700 prin-

337 2721 485 2779 cipalis
516 2726 613 2777 post
641 2720 770 2762 verba
801 2719 1041 2764 destituitur
1070 2717 1334 2774 regulariter:
1378 2733 1404 2758 a
1431 2718 1530 2772 wely
1560 2717 1606 2758 di
1632 2716 1707 2771 (an
1737 2716 1858 2758 vides
1887 2721 1933 2757 tu
1944 2714 2005 2767 P),
2044 2728 2073 2755 a
2102 2711 2196 2768 bery
2226 2711 2273 2752 di

337 2791 412 2845 (an
432 2788 603 2846 parabis
622 2788 714 2843 tu?)
745 2787 860 2830 Mab.
888 2790 922 2842 1,
945 2790 982 2831 7.
1005 2788 1099 2830 264.
1146 2802 1171 2827 a
1200 2785 1344 2826 weleist
1372 2785 1419 2825 di
1446 2785 1564 2840 (num
1594 2783 1738 2827 vidisti
1767 2782 1859 2838 tuP)
1892 2783 1927 2835 1,
1949 2781 2043 2823 237.
2084 2792 2271 2834 aovynny

338 2859 473 2899 ditlceu
512 2857 645 2913 (quod
675 2856 956 2912 interrogabis
984 2855 1049 2911 tu)
1089 2856 1123 2908 1,
1157 2852 1252 2895 237.
1299 2853 1463 2894 minneu
1494 2852 1563 2895 ath
1588 2851 1723 2909 qaraf
1747 2851 1793 2893 di
1826 2850 1926 2905 (ego
1956 2847 2103 2891 amabo
2131 2845 2195 2901 te)
2234 2847 2269 2898 l,

339 2928 434 2969 268.
471 2934 544 2981 ny&
572 2933 795 2967 aiwaenwn
824 2926 842 2965 2'
869 2925 961 2966 didi
989 2923 1094 2978 (non
1124 2919 1433 2977 cognoscebam
1464 2935 1541 2976 ego
1568 2919 1629 2974 te)
1664 2921 1698 2972 1,
1722 2919 1787 2961 25.
1826 2932 1897 2959 eno
1927 2915 1996 2957 ath
2022 2915 2110 2971 qud
2136 2912 2272 2954 ditham

341 2994 454 3051 (ipse
486 2993 641 3036 celabit
668 2992 730 3047 te)
763 2994 798 3045 1,
824 2994 887 3034 14.
947 2992 1043 3035 Non
1073 3000 1214 3033 tamen
1246 3001 1428 3045 semper:
1458 2989 1608 3030 rodeist
1637 2988 1669 3028 ti
1697 2984 1890 3041 (dedisti)
1925 2985 1960 3037 l,
1981 2983 2076 3025 282.
2106 2981 2179 3037 pei
2203 2994 2272 3022 ro-

341 3064 414 3105 dut
443 3064 475 3104 ti
502 3062 561 3117 (si
593 3063 713 3105 dares
744 3062 810 3115 tu)
845 3063 880 3115 1,
904 3061 997 3103 273.
1036 3074 1121 3116 pan
1150 3058 1300 3099 wnelut
1331 3056 1453 3097 athen
1482 3055 1597 3110 (cum
1625 3060 1671 3096 tu
1699 3052 1906 3107 faciebas)
1940 3053 1976 3105 1,
1997 3051 2036 3093 9.

451 3130 615 3173 Eodem
651 3130 773 3173 modo
804 3145 993 3172 consona
1021 3125 1269 3184 principalis
1308 3123 1567 3181 pronominis
1597 3121 1832 3180 personalis
1874 3122 1909 3161 1.
1939 3133 2048 3177 pers.
2080 3117 2187 3172 sing.
2216 3115 2276 3156 mi

339 3200 471 3255 (miei,
501 3198 686 3256 mir-meu)
717 3198 968 3250 destituitur,
1001 3198 1036 3239 si
1069 3204 1133 3239 est
1162 3196 1388 3238 obiectum:
1423 3193 1607 3234 arlioweh
1629 3191 1717 3238 vini
1744 3189 2008 3246 (exspectate
2026 3183 2137 3239 mei)
2157 3181 2272 3226 Mab.

343 3270 379 3322 1,
410 3268 473 3310 30.
547 3266 622 3311 Sin
653 3273 718 3309 est
754 3267 1009 3317 subiectum,
1050 3265 1212 3321 deperit
1250 3277 1436 3306 consona
1471 3261 1694 3303 inchoans:
1740 3272 1768 3314 y
1795 3256 1950 3314 yu·elei8
1979 3255 1998 3296 ‘c‘
2037 3251 2146 3309 (vidi
2175 3251 2274 3308 ego)

342 3335 456 3379 Mab.
481 3338 516 3389 1,
543 3336 581 3377 3.
618 3350 646 3391 y
674 3335 805 3391 rodas
825 3336 948 3376 imma
979 3333 1106 3388 (dabo
1140 3333 1237 3390 ego)
1271 3334 1307 3386 1,
1329 3333 1395 3374 21.

454 3402 713 3446 Pronomina
751 3403 960 3446 cambrica
995 3401 1241 3458 possessiva
1272 3402 1308 3442 1.
1341 3404 1381 3442 et
1409 3399 1447 3441 2.
1476 3413 1588 3456 pers.
1620 3396 1726 3452 sing.
1767 3393 1961 3437 absoluta
1998 3404 2162 3446 semper
2189 3386 2275 3430 fere
