<?xml version="1.0" encoding="UTF-8"?>
<!DOCTYPE html PUBLIC "-//W3C//DTD XHTML 1.0 Transitional//EN"
    "http://www.w3.org/TR/xhtml1/DTD/xhtml1-transitional.dtd">
<html xmlns="http://www.w3.org/1999/xhtml" xml:lang="en" lang="en">
 <head>
  <title>
</title>
<meta http-equiv="Content-Type" content="text/html;charset=utf-8" />
  <meta name='ocr-system' content='tesseract 3.04.00' />
  <meta name='ocr-capabilities' content='ocr_page ocr_carea ocr_par ocr_line ocrx_word'/>
</head>
<body>
  <div class='ocr_page' id='page_1' title='image "./grammaticaceltic00zeusuoft/grammaticaceltic00zeusuoft_1088.png"; bbox 0 0 2336 3736; ppageno 0'>
   <div class='ocr_carea' id='block_1_1' title="bbox 294 281 1780 331">
    <p class='ocr_par' dir='ltr' id='par_1_1' title="bbox 294 281 1780 331">
     <span class='ocr_line' id='line_1_1' title="bbox 294 281 1780 331; baseline -0.002 -3"><span class='ocrx_word' id='word_1_1' title='bbox 294 287 380 331; x_wconf 87' lang='lat'><strong>940</strong></span> <span class='ocrx_word' id='word_1_2' title='bbox 411 288 599 328; x_wconf 71' lang='lat'>(918-919)</span> <span class='ocrx_word' id='word_1_3' title='bbox 757 281 830 325; x_wconf 85' lang='lat' dir='ltr'><strong>VI.</strong></span> <span class='ocrx_word' id='word_1_4' title='bbox 865 283 902 324; x_wconf 84' lang='lat'><strong>2.</strong></span> <span class='ocrx_word' id='word_1_5' title='bbox 954 296 1269 328; x_wconf 66' lang='lat' dir='ltr'><strong>coss&#39;rssuc&#39;mo</strong></span> <span class='ocrx_word' id='word_1_6' title='bbox 1299 295 1492 328; x_wconf 71' lang='lat' dir='ltr'><strong>Pos‘rrcA</strong></span> <span class='ocrx_word' id='word_1_7' title='bbox 1522 295 1780 327; x_wconf 74' lang='lat' dir='ltr'><strong>nrssuch.</strong></span> 
     </span>
    </p>
   </div>
   <div class='ocr_carea' id='block_1_2' title="bbox 405 407 1906 814">
    <p class='ocr_par' dir='ltr' id='par_1_2' title="bbox 405 407 1906 814">
     <span class='ocr_line' id='line_1_2' title="bbox 405 407 971 465; baseline -0.002 -15"><span class='ocrx_word' id='word_1_8' title='bbox 405 410 456 451; x_wconf 88' lang='lat' dir='ltr'><strong>In</strong></span> <span class='ocrx_word' id='word_1_9' title='bbox 487 408 622 465; x_wconf 90' lang='lat' dir='ltr'><strong>quinti</strong></span> <span class='ocrx_word' id='word_1_10' title='bbox 655 407 797 463; x_wconf 85' lang='lat' dir='ltr'><strong>hymni</strong></span> <span class='ocrx_word' id='word_1_11' title='bbox 832 414 971 449; x_wconf 85' lang='lat' dir='ltr'><strong>sexta:</strong></span> 
     </span>
     <span class='ocr_line' id='line_1_3' title="bbox 614 485 1906 538; baseline -0.002 -14"><span class='ocrx_word' id='word_1_12' title='bbox 614 486 679 524; x_wconf 87' lang='lat' dir='ltr'><strong>Sic</strong></span> <span class='ocrx_word' id='word_1_13' title='bbox 699 491 702 535; x_wconf 53' lang='grc' dir='ltr'><strong>χ</strong></span> <span class='ocrx_word' id='word_1_14' title='bbox 725 485 894 535; x_wconf 86' lang='lat' dir='ltr'><strong>quinque</strong></span> <span class='ocrx_word' id='word_1_15' title='bbox 921 487 1093 525; x_wconf 86' lang='lat' dir='ltr'><strong>millibus</strong></span> <span class='ocrx_word' id='word_1_16' title='bbox 1121 486 1211 524; x_wconf 73' lang='lat' dir='ltr'><strong>viris</strong></span> <span class='ocrx_word' id='word_1_17' title='bbox 1232 494 1242 538; x_wconf 61' lang='grc' dir='ltr'><strong>ξι</strong></span> <span class='ocrx_word' id='word_1_18' title='bbox 1261 486 1354 523; x_wconf 91' lang='lat' dir='ltr'><strong>dum</strong></span> <span class='ocrx_word' id='word_1_19' title='bbox 1375 494 1379 536; x_wconf 64' lang='lat' dir='ltr'><strong>l</strong></span> <span class='ocrx_word' id='word_1_20' title='bbox 1402 486 1572 535; x_wconf 84' lang='lat' dir='ltr'><strong>quinque</strong></span> <span class='ocrx_word' id='word_1_21' title='bbox 1600 497 1721 535; x_wconf 84' lang='lat' dir='ltr'><strong>panes</strong></span> <span class='ocrx_word' id='word_1_22' title='bbox 1749 485 1906 531; x_wconf 75' lang='lat' dir='ltr'><strong>dividis,</strong></span> 
     </span>
     <span class='ocr_line' id='line_1_4' title="bbox 615 548 1695 594; baseline -0.001 -8"><span class='ocrx_word' id='word_1_23' title='bbox 615 549 815 586; x_wconf 78' lang='lat' dir='ltr'><strong>Edentium</strong></span> <span class='ocrx_word' id='word_1_24' title='bbox 843 550 913 585; x_wconf 90' lang='lat' dir='ltr'><strong>sub</strong></span> <span class='ocrx_word' id='word_1_25' title='bbox 941 550 1108 587; x_wconf 75' lang='lat' dir='ltr'><strong>dentibus</strong></span> <span class='ocrx_word' id='word_1_26' title='bbox 1126 549 1136 594; x_wconf 63' lang='lat' dir='ltr'><strong>ll</strong></span> <span class='ocrx_word' id='word_1_27' title='bbox 1153 549 1195 586; x_wconf 91' lang='lat' dir='ltr'><strong>in</strong></span> <span class='ocrx_word' id='word_1_28' title='bbox 1223 561 1287 585; x_wconf 89' lang='lat' dir='ltr'><strong>ore</strong></span> <span class='ocrx_word' id='word_1_29' title='bbox 1309 549 1312 593; x_wconf 73' lang='lat' dir='ltr'><strong>l</strong></span> <span class='ocrx_word' id='word_1_30' title='bbox 1336 549 1532 586; x_wconf 85' lang='lat' dir='ltr'><strong>crescebat</strong></span> <span class='ocrx_word' id='word_1_31' title='bbox 1554 548 1556 566; x_wconf 86' lang='lat'><strong>¹</strong></span> <span class='ocrx_word' id='word_1_32' title='bbox 1580 549 1695 585; x_wconf 70' lang='lat' dir='ltr'><strong>cibus.</strong></span> 
     </span>
     <span class='ocr_line' id='line_1_5' title="bbox 408 615 1381 678; baseline 0 -14"><span class='ocrx_word' id='word_1_33' title='bbox 408 622 455 664; x_wconf 94' lang='lat' dir='ltr'><strong>ln</strong></span> <span class='ocrx_word' id='word_1_34' title='bbox 488 622 658 677; x_wconf 84' lang='lat' dir='ltr'><strong>septimi</strong></span> <span class='ocrx_word' id='word_1_35' title='bbox 688 621 875 676; x_wconf 80' lang='lat' dir='ltr'><strong>strophis</strong></span> <span class='ocrx_word' id='word_1_36' title='bbox 905 621 1032 666; x_wconf 89' lang='lat' dir='ltr'><strong>tertia</strong></span> <span class='ocrx_word' id='word_1_37' title='bbox 1062 629 1104 665; x_wconf 91' lang='lat' dir='ltr'><strong>et</strong></span> <span class='ocrx_word' id='word_1_38' title='bbox 1134 629 1301 678; x_wconf 84' lang='lat' dir='ltr'><strong>quarta:</strong></span> <span class='ocrx_word' id='word_1_39' title='bbox 1378 615 1381 619; x_wconf 12' lang='grc' dir='ltr'><strong><em>μ</em></strong></span> 
     </span>
     <span class='ocr_line' id='line_1_6' title="bbox 614 699 1863 751; baseline 0 -15"><span class='ocrx_word' id='word_1_40' title='bbox 614 699 617 743; x_wconf 77' lang='grc' dir='ltr'>ξ</span> <span class='ocrx_word' id='word_1_41' title='bbox 649 700 752 737; x_wconf 82' lang='lat' dir='ltr'><strong>Votis</strong></span> <span class='ocrx_word' id='word_1_42' title='bbox 774 700 778 744; x_wconf 66' lang='grc' dir='ltr'>ἶ</span> <span class='ocrx_word' id='word_1_43' title='bbox 799 713 968 738; x_wconf 75' lang='lat' dir='ltr'><strong>vocemus</strong></span> <span class='ocrx_word' id='word_1_44' title='bbox 997 705 1035 739; x_wconf 89' lang='lat' dir='ltr'><strong>et</strong></span> <span class='ocrx_word' id='word_1_45' title='bbox 1055 708 1058 751; x_wconf 64' lang='grc' dir='ltr'>ξ</span> <span class='ocrx_word' id='word_1_46' title='bbox 1081 707 1235 750; x_wconf 74' lang='lat' dir='ltr'><strong>patrem,</strong></span> <span class='ocrx_word' id='word_1_47' title='bbox 1264 699 1274 743; x_wconf 71' lang='lat' dir='ltr'><strong>ii</strong></span> <span class='ocrx_word' id='word_1_48' title='bbox 1295 706 1299 750; x_wconf 85' lang='lat'>1</span> <span class='ocrx_word' id='word_1_49' title='bbox 1320 705 1460 750; x_wconf 75' lang='lat' dir='ltr'><strong>patrem</strong></span> <span class='ocrx_word' id='word_1_50' title='bbox 1483 708 1487 751; x_wconf 70' lang='lat'>1</span> <span class='ocrx_word' id='word_1_51' title='bbox 1509 701 1684 749; x_wconf 76' lang='lat' dir='ltr'><strong>perennis</strong></span> <span class='ocrx_word' id='word_1_52' title='bbox 1714 699 1863 748; x_wconf 77' lang='lat' dir='ltr'><strong>gloriae,</strong></span> 
     </span>
     <span class='ocr_line' id='line_1_7' title="bbox 615 761 1814 814; baseline 0 -15"><span class='ocrx_word' id='word_1_53' title='bbox 615 761 619 807; x_wconf 74' lang='grc' dir='ltr'>ί</span> <span class='ocrx_word' id='word_1_54' title='bbox 641 761 787 800; x_wconf 85' lang='lat' dir='ltr'><strong>Patrem</strong></span> <span class='ocrx_word' id='word_1_55' title='bbox 808 768 812 807; x_wconf 68' lang='grc' dir='ltr'><strong>ί</strong></span> <span class='ocrx_word' id='word_1_56' title='bbox 834 763 997 814; x_wconf 80' lang='lat' dir='ltr'><strong>potentis</strong></span> <span class='ocrx_word' id='word_1_57' title='bbox 1025 766 1179 814; x_wconf 77' lang='lat' dir='ltr'><strong>gratiae,</strong></span> <span class='ocrx_word' id='word_1_58' title='bbox 1206 765 1217 810; x_wconf 80' lang='grc' dir='ltr'>Η</span> <span class='ocrx_word' id='word_1_59' title='bbox 1236 763 1386 813; x_wconf 85' lang='lat' dir='ltr'><strong>culpam</strong></span> <span class='ocrx_word' id='word_1_60' title='bbox 1412 762 1570 812; x_wconf 70' lang='lat' dir='ltr'><strong>relleget</strong></span> <span class='ocrx_word' id='word_1_61' title='bbox 1592 796 1595 811; x_wconf 70' lang='lat'><em>‚</em></span> <span class='ocrx_word' id='word_1_62' title='bbox 1616 762 1814 800; x_wconf 83' lang='lat' dir='ltr'>lubricam.</span> 
     </span>
    </p>
   </div>
   <div class='ocr_carea' id='block_1_3' title="bbox 614 824 1748 938">
    <p class='ocr_par' dir='ltr' id='par_1_3' title="bbox 614 824 1748 938">
     <span class='ocr_line' id='line_1_8' title="bbox 615 824 1748 874; baseline 0 -13"><span class='ocrx_word' id='word_1_63' title='bbox 615 826 618 868; x_wconf 86' lang='grc' dir='ltr'>Ι</span> <span class='ocrx_word' id='word_1_64' title='bbox 639 824 824 862; x_wconf 85' lang='lat' dir='ltr'><strong>Informet</strong></span> <span class='ocrx_word' id='word_1_65' title='bbox 844 830 848 874; x_wconf 67' lang='lat' dir='ltr'><strong>l</strong></span> <span class='ocrx_word' id='word_1_66' title='bbox 871 829 978 863; x_wconf 84' lang='lat' dir='ltr'><strong>actus</strong></span> <span class='ocrx_word' id='word_1_67' title='bbox 1006 830 1195 873; x_wconf 84' lang='lat' dir='ltr'><strong>strenuos,</strong></span> <span class='ocrx_word' id='word_1_68' title='bbox 1223 824 1233 868; x_wconf 66' lang='lat' dir='ltr'><strong>li</strong></span> <span class='ocrx_word' id='word_1_69' title='bbox 1252 825 1382 863; x_wconf 80' lang='lat' dir='ltr'><strong>dentes</strong></span> <span class='ocrx_word' id='word_1_70' title='bbox 1409 826 1586 862; x_wconf 77' lang='lat' dir='ltr'><strong>retundat</strong></span> <span class='ocrx_word' id='word_1_71' title='bbox 1613 824 1748 872; x_wconf 79' lang='lat' dir='ltr'><strong>invidi,</strong></span> 
     </span>
     <span class='ocr_line' id='line_1_9' title="bbox 614 885 1742 938; baseline 0.003 -15"><span class='ocrx_word' id='word_1_72' title='bbox 614 885 737 924; x_wconf 87' lang='lat' dir='ltr'><strong>Casus</strong></span> <span class='ocrx_word' id='word_1_73' title='bbox 765 889 948 926; x_wconf 79' lang='lat' dir='ltr'><strong>secundet</strong></span> <span class='ocrx_word' id='word_1_74' title='bbox 975 900 1143 938; x_wconf 87' lang='lat' dir='ltr'><strong>asperos,</strong></span> <span class='ocrx_word' id='word_1_75' title='bbox 1171 888 1181 931; x_wconf 64' lang='lat'><strong>13</strong></span> <span class='ocrx_word' id='word_1_76' title='bbox 1200 887 1318 925; x_wconf 86' lang='lat' dir='ltr'><strong>donet</strong></span> <span class='ocrx_word' id='word_1_77' title='bbox 1338 887 1341 930; x_wconf 64' lang='grc' dir='ltr'>ἲ</span> <span class='ocrx_word' id='word_1_78' title='bbox 1365 887 1517 937; x_wconf 77' lang='lat' dir='ltr'><strong>gerendi</strong></span> <span class='ocrx_word' id='word_1_79' title='bbox 1539 892 1541 932; x_wconf 73' lang='grc' dir='ltr'><em>ζ</em></span> <span class='ocrx_word' id='word_1_80' title='bbox 1568 887 1742 936; x_wconf 83' lang='lat' dir='ltr'><strong>gratiam.</strong></span> 
     </span>
    </p>
   </div>
   <div class='ocr_carea' id='block_1_4' title="bbox 290 960 2271 2167">
    <p class='ocr_par' dir='ltr' id='par_1_4' title="bbox 290 960 2271 2167">
     <span class='ocr_line' id='line_1_10' title="bbox 408 960 2259 1019; baseline 0.001 -18"><span class='ocrx_word' id='word_1_81' title='bbox 408 962 451 1002; x_wconf 88' lang='lat' dir='ltr'><strong>ln</strong></span> <span class='ocrx_word' id='word_1_82' title='bbox 482 961 548 1002; x_wconf 89' lang='lat' dir='ltr'><strong>his</strong></span> <span class='ocrx_word' id='word_1_83' title='bbox 588 962 669 1004; x_wconf 90' lang='lat' dir='ltr'><strong>etsi</strong></span> <span class='ocrx_word' id='word_1_84' title='bbox 708 962 859 1016; x_wconf 84' lang='lat' dir='ltr'><strong>negari</strong></span> <span class='ocrx_word' id='word_1_85' title='bbox 888 962 1037 1019; x_wconf 89' lang='lat' dir='ltr'><strong>nequit</strong></span> <span class='ocrx_word' id='word_1_86' title='bbox 1073 967 1243 1004; x_wconf 84' lang='lat' dir='ltr'><strong>ornatus</strong></span> <span class='ocrx_word' id='word_1_87' title='bbox 1282 961 1447 1004; x_wconf 87' lang='lat' dir='ltr'><strong>alienus</strong></span> <span class='ocrx_word' id='word_1_88' title='bbox 1479 977 1503 1002; x_wconf 82' lang='lat' dir='ltr'><strong>a</strong></span> <span class='ocrx_word' id='word_1_89' title='bbox 1534 961 1672 1017; x_wconf 71' lang='lat' dir='ltr'><strong>poetis</strong></span> <span class='ocrx_word' id='word_1_90' title='bbox 1713 960 1922 1002; x_wconf 75' lang='lat' dir='ltr'><strong>classicae</strong></span> <span class='ocrx_word' id='word_1_91' title='bbox 1962 961 2186 1003; x_wconf 83' lang='lat' dir='ltr'><strong>vetustatis</strong></span> <span class='ocrx_word' id='word_1_92' title='bbox 2219 969 2259 1003; x_wconf 88' lang='lat' dir='ltr'><strong>et</strong></span> 
     </span>
     <span class='ocr_line' id='line_1_11' title="bbox 295 1028 2257 1084; baseline 0 -14"><span class='ocrx_word' id='word_1_93' title='bbox 295 1029 541 1084; x_wconf 84' lang='lat' dir='ltr'><strong>peregrinus</strong></span> <span class='ocrx_word' id='word_1_94' title='bbox 575 1034 700 1080; x_wconf 88' lang='lat' dir='ltr'><strong>certe,</strong></span> <span class='ocrx_word' id='word_1_95' title='bbox 732 1029 890 1072; x_wconf 86' lang='lat' dir='ltr'><strong>maiore</strong></span> <span class='ocrx_word' id='word_1_96' title='bbox 922 1031 989 1073; x_wconf 81' lang='lat' dir='ltr'><strong>vel</strong></span> <span class='ocrx_word' id='word_1_97' title='bbox 1010 1031 1172 1072; x_wconf 86' lang='lat' dir='ltr'><strong>minore</strong></span> <span class='ocrx_word' id='word_1_98' title='bbox 1204 1029 1444 1072; x_wconf 84' lang='lat' dir='ltr'><strong>constantia</strong></span> <span class='ocrx_word' id='word_1_99' title='bbox 1474 1028 1656 1078; x_wconf 72' lang='lat' dir='ltr'><strong>additus,</strong></span> <span class='ocrx_word' id='word_1_100' title='bbox 1689 1034 1881 1070; x_wconf 86' lang='lat' dir='ltr'><strong>servatur</strong></span> <span class='ocrx_word' id='word_1_101' title='bbox 1909 1033 2050 1070; x_wconf 86' lang='lat' dir='ltr'><strong>tamen</strong></span> <span class='ocrx_word' id='word_1_102' title='bbox 2080 1035 2257 1071; x_wconf 88' lang='lat' dir='ltr'><strong>metrum</strong></span> 
     </span>
     <span class='ocr_line' id='line_1_12' title="bbox 292 1095 2259 1152; baseline 0.002 -16"><span class='ocrx_word' id='word_1_103' title='bbox 292 1095 466 1137; x_wconf 87' lang='lat' dir='ltr'><strong>latinum</strong></span> <span class='ocrx_word' id='word_1_104' title='bbox 505 1103 546 1137; x_wconf 89' lang='lat' dir='ltr'><strong>et</strong></span> <span class='ocrx_word' id='word_1_105' title='bbox 584 1103 819 1151; x_wconf 87' lang='lat' dir='ltr'><strong>temporum</strong></span> <span class='ocrx_word' id='word_1_106' title='bbox 858 1098 980 1140; x_wconf 86' lang='lat' dir='ltr'><strong>ratio.</strong></span> <span class='ocrx_word' id='word_1_107' title='bbox 1046 1099 1108 1139; x_wconf 84' lang='lat' dir='ltr'><strong>At</strong></span> <span class='ocrx_word' id='word_1_108' title='bbox 1144 1113 1295 1140; x_wconf 77' lang='lat' dir='ltr'><strong>novam</strong></span> <span class='ocrx_word' id='word_1_109' title='bbox 1334 1103 1458 1151; x_wconf 86' lang='lat' dir='ltr'><strong>atque</strong></span> <span class='ocrx_word' id='word_1_110' title='bbox 1500 1095 1730 1137; x_wconf 78' lang='lat' dir='ltr'><strong>inauditam</strong></span> <span class='ocrx_word' id='word_1_111' title='bbox 1761 1095 1937 1137; x_wconf 79' lang='lat' dir='ltr'><strong>formam</strong></span> <span class='ocrx_word' id='word_1_112' title='bbox 1965 1095 2105 1148; x_wconf 83' lang='lat' dir='ltr'><strong>offert,</strong></span> <span class='ocrx_word' id='word_1_113' title='bbox 2138 1099 2259 1152; x_wconf 83' lang='lat' dir='ltr'><strong>quasi</strong></span> 
     </span>
     <span class='ocr_line' id='line_1_13' title="bbox 293 1162 2258 1221; baseline 0.002 -17"><span class='ocrx_word' id='word_1_114' title='bbox 293 1178 449 1205; x_wconf 85' lang='lat' dir='ltr'><strong>novam</strong></span> <span class='ocrx_word' id='word_1_115' title='bbox 493 1170 646 1205; x_wconf 85' lang='lat' dir='ltr'><strong>terram</strong></span> <span class='ocrx_word' id='word_1_116' title='bbox 691 1165 855 1221; x_wconf 83' lang='lat' dir='ltr'><strong>aperiat</strong></span> <span class='ocrx_word' id='word_1_117' title='bbox 898 1180 1138 1221; x_wconf 80' lang='lat' dir='ltr'><strong>novumque</strong></span> <span class='ocrx_word' id='word_1_118' title='bbox 1183 1180 1335 1207; x_wconf 81' lang='lat' dir='ltr'><strong>aevum</strong></span> <span class='ocrx_word' id='word_1_119' title='bbox 1375 1163 1621 1215; x_wconf 81' lang='lat' dir='ltr'><strong>annuntiet,</strong></span> <span class='ocrx_word' id='word_1_120' title='bbox 1670 1162 1862 1218; x_wconf 86' lang='lat' dir='ltr'><strong>psalmus</strong></span> <span class='ocrx_word' id='word_1_121' title='bbox 1901 1162 2177 1207; x_wconf 78' lang='lat' dir='ltr'><strong>abecedarius</strong></span> <span class='ocrx_word' id='word_1_122' title='bbox 2216 1164 2258 1209; x_wconf 89' lang='lat' dir='ltr'><strong>S.</strong></span> 
     </span>
     <span class='ocr_line' id='line_1_14' title="bbox 291 1230 2260 1290; baseline 0.002 -18"><span class='ocrx_word' id='word_1_123' title='bbox 291 1230 523 1286; x_wconf 80' lang='lat' dir='ltr'><strong>Augustini</strong></span> <span class='ocrx_word' id='word_1_124' title='bbox 577 1232 770 1290; x_wconf 83' lang='lat' dir='ltr'><strong>episcopi</strong></span> <span class='ocrx_word' id='word_1_125' title='bbox 810 1232 1109 1289; x_wconf 77' lang='lat' dir='ltr'><strong>Hipponensis</strong></span> <span class='ocrx_word' id='word_1_126' title='bbox 1157 1234 1348 1276; x_wconf 77' lang='lat' dir='ltr'><strong>Africani</strong></span> <span class='ocrx_word' id='word_1_127' title='bbox 1385 1230 1514 1287; x_wconf 87' lang='lat' dir='ltr'><strong>(obiit</strong></span> <span class='ocrx_word' id='word_1_128' title='bbox 1558 1245 1594 1272; x_wconf 90' lang='lat' dir='ltr'><strong>a.</strong></span> <span class='ocrx_word' id='word_1_129' title='bbox 1633 1230 1757 1283; x_wconf 86' lang='lat'>430),</span> <span class='ocrx_word' id='word_1_130' title='bbox 1802 1245 1879 1286; x_wconf 87' lang='lat' dir='ltr'><strong>per</strong></span> <span class='ocrx_word' id='word_1_131' title='bbox 1924 1230 2069 1286; x_wconf 84' lang='lat' dir='ltr'><strong>plures</strong></span> <span class='ocrx_word' id='word_1_132' title='bbox 2126 1246 2260 1275; x_wconf 87' lang='lat' dir='ltr'><strong>annos</strong></span> 
     </span>
     <span class='ocr_line' id='line_1_15' title="bbox 292 1296 2259 1359; baseline 0.002 -19"><span class='ocrx_word' id='word_1_133' title='bbox 292 1298 525 1341; x_wconf 86' lang='lat' dir='ltr'><strong>Mediolani</strong></span> <span class='ocrx_word' id='word_1_134' title='bbox 556 1299 807 1342; x_wconf 77' lang='lat' dir='ltr'><strong>rhetoricam</strong></span> <span class='ocrx_word' id='word_1_135' title='bbox 838 1301 1034 1357; x_wconf 82' lang='lat' dir='ltr'><strong>professi,</strong></span> <span class='ocrx_word' id='word_1_136' title='bbox 1068 1317 1193 1357; x_wconf 88' lang='lat' dir='ltr'><strong>quem</strong></span> <span class='ocrx_word' id='word_1_137' title='bbox 1224 1301 1432 1359; x_wconf 85' lang='lat' dir='ltr'><strong>psalmum</strong></span> <span class='ocrx_word' id='word_1_138' title='bbox 1463 1304 1610 1342; x_wconf 88' lang='lat' dir='ltr'><strong>contra</strong></span> <span class='ocrx_word' id='word_1_139' title='bbox 1637 1296 1888 1340; x_wconf 85' lang='lat' dir='ltr'><strong>Donatistas</strong></span> <span class='ocrx_word' id='word_1_140' title='bbox 1919 1297 2122 1354; x_wconf 86' lang='lat' dir='ltr'><strong>scriptum</strong></span> <span class='ocrx_word' id='word_1_141' title='bbox 2163 1314 2259 1343; x_wconf 83' lang='lat' dir='ltr'><strong>esse</strong></span> 
     </span>
     <span class='ocr_line' id='line_1_16' title="bbox 292 1365 2260 1425; baseline 0.001 -18"><span class='ocrx_word' id='word_1_142' title='bbox 292 1366 384 1422; x_wconf 80' lang='lat' dir='ltr'><strong>ipse</strong></span> <span class='ocrx_word' id='word_1_143' title='bbox 416 1367 519 1408; x_wconf 85' lang='lat' dir='ltr'><strong>dicit</strong></span> <span class='ocrx_word' id='word_1_144' title='bbox 549 1367 687 1423; x_wconf 90' lang='lat' dir='ltr'><strong>ipsius</strong></span> <span class='ocrx_word' id='word_1_145' title='bbox 719 1367 943 1410; x_wconf 84' lang='lat' dir='ltr'><strong>humillimi</strong></span> <span class='ocrx_word' id='word_1_146' title='bbox 974 1369 1090 1425; x_wconf 84' lang='lat' dir='ltr'><strong>vulgi</strong></span> <span class='ocrx_word' id='word_1_147' title='bbox 1122 1385 1265 1412; x_wconf 80' lang='lat' dir='ltr'><strong>causa.</strong></span> <span class='ocrx_word' id='word_1_148' title='bbox 1315 1368 1368 1410; x_wconf 88' lang='lat' dir='ltr'><strong>In</strong></span> <span class='ocrx_word' id='word_1_149' title='bbox 1397 1367 1478 1409; x_wconf 90' lang='lat' dir='ltr'><strong>hoc</strong></span> <span class='ocrx_word' id='word_1_150' title='bbox 1508 1367 1619 1409; x_wconf 89' lang='lat' dir='ltr'><strong>enim</strong></span> <span class='ocrx_word' id='word_1_151' title='bbox 1651 1365 1764 1408; x_wconf 88' lang='lat' dir='ltr'><strong>omni</strong></span> <span class='ocrx_word' id='word_1_152' title='bbox 1793 1370 1928 1407; x_wconf 86' lang='lat' dir='ltr'><strong>metro</strong></span> <span class='ocrx_word' id='word_1_153' title='bbox 1951 1371 1992 1407; x_wconf 90' lang='lat' dir='ltr'><strong>et</strong></span> <span class='ocrx_word' id='word_1_154' title='bbox 2012 1367 2127 1409; x_wconf 87' lang='lat' dir='ltr'><strong>omni</strong></span> <span class='ocrx_word' id='word_1_155' title='bbox 2157 1375 2260 1410; x_wconf 90' lang='lat' dir='ltr'><strong>tem-</strong></span> 
     </span>
     <span class='ocr_line' id='line_1_17' title="bbox 292 1432 2259 1491; baseline 0.002 -18"><span class='ocrx_word' id='word_1_156' title='bbox 292 1448 441 1489; x_wconf 82' lang='lat' dir='ltr'><strong>porum</strong></span> <span class='ocrx_word' id='word_1_157' title='bbox 473 1434 638 1477; x_wconf 84' lang='lat' dir='ltr'><strong>ratione</strong></span> <span class='ocrx_word' id='word_1_158' title='bbox 669 1436 865 1491; x_wconf 85' lang='lat' dir='ltr'><strong>neglecta</strong></span> <span class='ocrx_word' id='word_1_159' title='bbox 895 1436 1001 1478; x_wconf 85' lang='lat' dir='ltr'><strong>nihil</strong></span> <span class='ocrx_word' id='word_1_160' title='bbox 1031 1439 1283 1480; x_wconf 82' lang='lat' dir='ltr'><strong>observatur</strong></span> <span class='ocrx_word' id='word_1_161' title='bbox 1313 1435 1397 1478; x_wconf 88' lang='lat' dir='ltr'><strong>nisi</strong></span> <span class='ocrx_word' id='word_1_162' title='bbox 1420 1450 1514 1477; x_wconf 88' lang='lat' dir='ltr'><strong>cum</strong></span> <span class='ocrx_word' id='word_1_163' title='bbox 1536 1432 1817 1476; x_wconf 77' lang='lat' dir='ltr'><strong>consonantia</strong></span> <span class='ocrx_word' id='word_1_164' title='bbox 1838 1437 1979 1475; x_wconf 85' lang='lat' dir='ltr'><strong>certus</strong></span> <span class='ocrx_word' id='word_1_165' title='bbox 2002 1434 2259 1489; x_wconf 86' lang='lat' dir='ltr'><strong>syllabarum</strong></span> 
     </span>
     <span class='ocr_line' id='line_1_18' title="bbox 294 1500 2271 1561; baseline 0.003 -20"><span class='ocrx_word' id='word_1_166' title='bbox 294 1501 539 1553; x_wconf 74' lang='lat' dir='ltr'><strong>numerus*‚</strong></span> <span class='ocrx_word' id='word_1_167' title='bbox 582 1517 689 1558; x_wconf 85' lang='lat' dir='ltr'><strong>quae</strong></span> <span class='ocrx_word' id='word_1_168' title='bbox 719 1519 788 1545; x_wconf 88' lang='lat' dir='ltr'><strong>res</strong></span> <span class='ocrx_word' id='word_1_169' title='bbox 821 1504 1087 1547; x_wconf 82' lang='lat' dir='ltr'><strong>constituunt</strong></span> <span class='ocrx_word' id='word_1_170' title='bbox 1115 1504 1324 1561; x_wconf 73' lang='lat' dir='ltr'><strong>poeticam</strong></span> <span class='ocrx_word' id='word_1_171' title='bbox 1354 1503 1531 1546; x_wconf 88' lang='lat' dir='ltr'><strong>formam</strong></span> <span class='ocrx_word' id='word_1_172' title='bbox 1562 1501 1768 1543; x_wconf 77' lang='lat' dir='ltr'><strong>celticam.</strong></span> <span class='ocrx_word' id='word_1_173' title='bbox 1828 1500 2049 1543; x_wconf 80' lang='lat' dir='ltr'><strong>Invenitur</strong></span> <span class='ocrx_word' id='word_1_174' title='bbox 2091 1500 2271 1559; x_wconf 69' lang='lat' dir='ltr'><strong>quidem¹</strong></span> 
     </span>
     <span class='ocr_line' id='line_1_19' title="bbox 295 1560 2258 1625; baseline 0.002 -16"><span class='ocrx_word' id='word_1_175' title='bbox 295 1584 377 1609; x_wconf 84' lang='lat' dir='ltr'><strong>una</strong></span> <span class='ocrx_word' id='word_1_176' title='bbox 409 1569 640 1625; x_wconf 87' lang='lat' dir='ltr'><strong>eademque</strong></span> <span class='ocrx_word' id='word_1_177' title='bbox 671 1560 834 1613; x_wconf 79' lang='lat' dir='ltr'><strong>vocalis</strong></span> <span class='ocrx_word' id='word_1_178' title='bbox 857 1587 878 1612; x_wconf 84' lang='lat'><em>0</em></span> <span class='ocrx_word' id='word_1_179' title='bbox 898 1572 1053 1614; x_wconf 85' lang='lat' dir='ltr'><strong>finiens</strong></span> <span class='ocrx_word' id='word_1_180' title='bbox 1086 1586 1232 1614; x_wconf 86' lang='lat' dir='ltr'><strong>omnes</strong></span> <span class='ocrx_word' id='word_1_181' title='bbox 1262 1586 1427 1624; x_wconf 83' lang='lat' dir='ltr'><strong>versus,</strong></span> <span class='ocrx_word' id='word_1_182' title='bbox 1459 1569 1741 1613; x_wconf 67' lang='lat' dir='ltr'><strong>consonantia</strong></span> <span class='ocrx_word' id='word_1_183' title='bbox 1768 1568 1898 1624; x_wconf 85' lang='lat' dir='ltr'><strong>igitur</strong></span> <span class='ocrx_word' id='word_1_184' title='bbox 1929 1583 2056 1624; x_wconf 88' lang='lat' dir='ltr'><strong>quam</strong></span> <span class='ocrx_word' id='word_1_185' title='bbox 2087 1570 2258 1624; x_wconf 83' lang='lat' dir='ltr'><strong>dixeris,</strong></span> 
     </span>
     <span class='ocr_line' id='line_1_20' title="bbox 294 1635 2260 1694; baseline 0.002 -18"><span class='ocrx_word' id='word_1_186' title='bbox 294 1636 375 1677; x_wconf 81' lang='lat' dir='ltr'><strong>iam</strong></span> <span class='ocrx_word' id='word_1_187' title='bbox 406 1635 448 1677; x_wconf 89' lang='lat' dir='ltr'><strong>in</strong></span> <span class='ocrx_word' id='word_1_188' title='bbox 480 1637 663 1679; x_wconf 82' lang='lat' dir='ltr'><strong>carmine</strong></span> <span class='ocrx_word' id='word_1_189' title='bbox 696 1644 847 1694; x_wconf 76' lang='lat' dir='ltr'><strong>poetae</strong></span> <span class='ocrx_word' id='word_1_190' title='bbox 880 1639 1125 1681; x_wconf 77' lang='lat' dir='ltr'><strong>vetustioris</strong></span> <span class='ocrx_word' id='word_1_191' title='bbox 1158 1639 1455 1683; x_wconf 86' lang='lat' dir='ltr'><strong>Commodiani</strong></span> <span class='ocrx_word' id='word_1_192' title='bbox 1484 1637 1712 1693; x_wconf 69' lang='lat' dir='ltr'><strong>inscripto:</strong></span> <span class='ocrx_word' id='word_1_193' title='bbox 1746 1636 1913 1678; x_wconf 85' lang='lat' dir='ltr'><strong>Nomen</strong></span> <span class='ocrx_word' id='word_1_194' title='bbox 1934 1635 2097 1679; x_wconf 83' lang='lat' dir='ltr'><strong>Gazaei</strong></span> <span class='ocrx_word' id='word_1_195' title='bbox 2129 1637 2260 1693; x_wconf 88' lang='lat' dir='ltr'><strong>(Bibl.</strong></span> 
     </span>
     <span class='ocr_line' id='line_1_21' title="bbox 291 1702 2258 1762; baseline 0.003 -18"><span class='ocrx_word' id='word_1_196' title='bbox 291 1703 404 1745; x_wconf 85' lang='lat' dir='ltr'><strong>Patr.</strong></span> <span class='ocrx_word' id='word_1_197' title='bbox 438 1705 483 1756; x_wconf 84' lang='lat'><strong>3,</strong></span> <span class='ocrx_word' id='word_1_198' title='bbox 524 1705 618 1746; x_wconf 80' lang='lat'>650.</span> <span class='ocrx_word' id='word_1_199' title='bbox 653 1706 774 1759; x_wconf 80' lang='lat'>651),</span> <span class='ocrx_word' id='word_1_200' title='bbox 808 1708 884 1749; x_wconf 88' lang='lat' dir='ltr'><strong>sed</strong></span> <span class='ocrx_word' id='word_1_201' title='bbox 915 1708 1038 1749; x_wconf 82' lang='lat' dir='ltr'><strong>abest</strong></span> <span class='ocrx_word' id='word_1_202' title='bbox 1070 1714 1210 1750; x_wconf 83' lang='lat' dir='ltr'><strong>certus</strong></span> <span class='ocrx_word' id='word_1_203' title='bbox 1250 1704 1505 1762; x_wconf 82' lang='lat' dir='ltr'><strong>syllabarum</strong></span> <span class='ocrx_word' id='word_1_204' title='bbox 1536 1719 1735 1747; x_wconf 86' lang='lat' dir='ltr'><strong>numerus</strong></span> <span class='ocrx_word' id='word_1_205' title='bbox 1767 1702 1855 1759; x_wconf 89' lang='lat' dir='ltr'><strong>(est</strong></span> <span class='ocrx_word' id='word_1_206' title='bbox 1883 1703 1994 1745; x_wconf 89' lang='lat' dir='ltr'><strong>enim</strong></span> <span class='ocrx_word' id='word_1_207' title='bbox 2024 1704 2258 1750; x_wconf 82' lang='lat' dir='ltr'><strong>hexametri</strong></span> 
     </span>
     <span class='ocr_line' id='line_1_22' title="bbox 290 1770 2257 1833; baseline 0.003 -22"><span class='ocrx_word' id='word_1_208' title='bbox 290 1770 411 1812; x_wconf 86' lang='lat' dir='ltr'><strong>latini</strong></span> <span class='ocrx_word' id='word_1_209' title='bbox 448 1771 626 1814; x_wconf 87' lang='lat' dir='ltr'><strong>imitatio</strong></span> <span class='ocrx_word' id='word_1_210' title='bbox 667 1774 735 1815; x_wconf 83' lang='lat' dir='ltr'><strong>vel</strong></span> <span class='ocrx_word' id='word_1_211' title='bbox 770 1774 903 1816; x_wconf 86' lang='lat' dir='ltr'><strong>forma</strong></span> <span class='ocrx_word' id='word_1_212' title='bbox 938 1774 1162 1830; x_wconf 75' lang='lat' dir='ltr'><strong>solutior),</strong></span> <span class='ocrx_word' id='word_1_213' title='bbox 1203 1781 1246 1816; x_wconf 87' lang='lat' dir='ltr'><strong>et</strong></span> <span class='ocrx_word' id='word_1_214' title='bbox 1274 1775 1430 1817; x_wconf 83' lang='lat' dir='ltr'><strong>finiens</strong></span> <span class='ocrx_word' id='word_1_215' title='bbox 1460 1789 1482 1815; x_wconf 92' lang='lat'><em>0</em></span> <span class='ocrx_word' id='word_1_216' title='bbox 1511 1772 1608 1815; x_wconf 89' lang='lat' dir='ltr'><strong>ideo</strong></span> <span class='ocrx_word' id='word_1_217' title='bbox 1648 1777 1809 1833; x_wconf 79' lang='lat' dir='ltr'><strong>tantum</strong></span> <span class='ocrx_word' id='word_1_218' title='bbox 1848 1771 2048 1829; x_wconf 84' lang='lat' dir='ltr'><strong>adoptata</strong></span> <span class='ocrx_word' id='word_1_219' title='bbox 2077 1773 2257 1827; x_wconf 87' lang='lat' dir='ltr'><strong>videtur,</strong></span> 
     </span>
     <span class='ocr_line' id='line_1_23' title="bbox 291 1839 2262 1898; baseline 0.003 -19"><span class='ocrx_word' id='word_1_220' title='bbox 291 1847 337 1879; x_wconf 85' lang='lat' dir='ltr'><strong>ut</strong></span> <span class='ocrx_word' id='word_1_221' title='bbox 376 1845 491 1880; x_wconf 84' lang='lat' dir='ltr'><strong>esset</strong></span> <span class='ocrx_word' id='word_1_222' title='bbox 527 1847 666 1882; x_wconf 85' lang='lat' dir='ltr'><strong>certus</strong></span> <span class='ocrx_word' id='word_1_223' title='bbox 705 1842 802 1883; x_wconf 84' lang='lat' dir='ltr'><strong>finis</strong></span> <span class='ocrx_word' id='word_1_224' title='bbox 842 1857 1043 1885; x_wconf 84' lang='lat' dir='ltr'><strong>versuum</strong></span> <span class='ocrx_word' id='word_1_225' title='bbox 1083 1842 1307 1898; x_wconf 82' lang='lat' dir='ltr'><strong>oppositus</strong></span> <span class='ocrx_word' id='word_1_226' title='bbox 1350 1848 1465 1884; x_wconf 88' lang='lat' dir='ltr'><strong>certo</strong></span> <span class='ocrx_word' id='word_1_227' title='bbox 1497 1839 1641 1892; x_wconf 87' lang='lat' dir='ltr'><strong>initio,</strong></span> <span class='ocrx_word' id='word_1_228' title='bbox 1687 1839 1800 1895; x_wconf 89' lang='lat' dir='ltr'><strong>quod</strong></span> <span class='ocrx_word' id='word_1_229' title='bbox 1830 1848 1896 1882; x_wconf 84' lang='lat' dir='ltr'><strong>est</strong></span> <span class='ocrx_word' id='word_1_230' title='bbox 1925 1855 2080 1884; x_wconf 90' lang='lat' dir='ltr'><strong>nomen</strong></span> <span class='ocrx_word' id='word_1_231' title='bbox 2110 1847 2262 1898; x_wconf 79' lang='lat' dir='ltr'><strong>poetae</strong></span> 
     </span>
     <span class='ocr_line' id='line_1_24' title="bbox 292 1903 2256 1966; baseline 0.002 -19"><span class='ocrx_word' id='word_1_232' title='bbox 292 1903 623 1950; x_wconf 85' lang='lat' dir='ltr'><strong>Commodianus</strong></span> <span class='ocrx_word' id='word_1_233' title='bbox 655 1923 751 1951; x_wconf 88' lang='lat' dir='ltr'><strong>cum</strong></span> <span class='ocrx_word' id='word_1_234' title='bbox 782 1910 1033 1966; x_wconf 85' lang='lat' dir='ltr'><strong>cognomine</strong></span> <span class='ocrx_word' id='word_1_235' title='bbox 1054 1909 1281 1952; x_wconf 84' lang='lat' dir='ltr'><strong>Mendicus</strong></span> <span class='ocrx_word' id='word_1_236' title='bbox 1305 1908 1466 1952; x_wconf 84' lang='lat' dir='ltr'><strong>Christi</strong></span> <span class='ocrx_word' id='word_1_237' title='bbox 1486 1907 1721 1950; x_wconf 86' lang='lat' dir='ltr'><strong>initialibus</strong></span> <span class='ocrx_word' id='word_1_238' title='bbox 1741 1907 1896 1950; x_wconf 87' lang='lat' dir='ltr'><strong>litteris</strong></span> <span class='ocrx_word' id='word_1_239' title='bbox 1921 1922 2117 1951; x_wconf 87' lang='lat' dir='ltr'><strong>versuum</strong></span> <span class='ocrx_word' id='word_1_240' title='bbox 2145 1917 2256 1952; x_wconf 89' lang='lat' dir='ltr'><strong>retro</strong></span> 
     </span>
     <span class='ocr_line' id='line_1_25' title="bbox 290 1972 2266 2033; baseline 0.003 -20"><span class='ocrx_word' id='word_1_241' title='bbox 290 1972 412 2014; x_wconf 89' lang='lat' dir='ltr'><strong>lectis</strong></span> <span class='ocrx_word' id='word_1_242' title='bbox 453 1973 749 2028; x_wconf 87' lang='lat' dir='ltr'><strong>significatum.</strong></span> <span class='ocrx_word' id='word_1_243' title='bbox 810 1976 861 2018; x_wconf 86' lang='lat' dir='ltr'><strong>In</strong></span> <span class='ocrx_word' id='word_1_244' title='bbox 892 1977 1125 2032; x_wconf 81' lang='lat' dir='ltr'><strong>Augustini</strong></span> <span class='ocrx_word' id='word_1_245' title='bbox 1157 1977 1322 2033; x_wconf 87' lang='lat' dir='ltr'><strong>psalmo</strong></span> <span class='ocrx_word' id='word_1_246' title='bbox 1363 1976 1544 2032; x_wconf 83' lang='lat' dir='ltr'><strong>singulis</strong></span> <span class='ocrx_word' id='word_1_247' title='bbox 1575 1975 1769 2018; x_wconf 81' lang='lat' dir='ltr'><strong>versibus</strong></span> <span class='ocrx_word' id='word_1_248' title='bbox 1801 1974 1903 2017; x_wconf 90' lang='lat' dir='ltr'><strong>bina</strong></span> <span class='ocrx_word' id='word_1_249' title='bbox 1930 1976 2120 2019; x_wconf 89' lang='lat' dir='ltr'><strong>membra</strong></span> <span class='ocrx_word' id='word_1_250' title='bbox 2157 1990 2266 2028; x_wconf 24' lang='lat' dir='ltr'><strong>con—-</strong></span> 
     </span>
     <span class='ocr_line' id='line_1_26' title="bbox 290 2040 2258 2100; baseline 0.003 -19"><span class='ocrx_word' id='word_1_251' title='bbox 290 2040 489 2093; x_wconf 70' lang='lat' dir='ltr'><strong>timentur,</strong></span> <span class='ocrx_word' id='word_1_252' title='bbox 521 2042 702 2098; x_wconf 84' lang='lat' dir='ltr'><strong>singulis</strong></span> <span class='ocrx_word' id='word_1_253' title='bbox 733 2043 1017 2087; x_wconf 83' lang='lat' dir='ltr'><strong>hemistichiis</strong></span> <span class='ocrx_word' id='word_1_254' title='bbox 1048 2053 1226 2087; x_wconf 81' lang='lat' dir='ltr'><strong>octonae</strong></span> <span class='ocrx_word' id='word_1_255' title='bbox 1258 2044 1460 2100; x_wconf 83' lang='lat' dir='ltr'><strong>syllabae.</strong></span> <span class='ocrx_word' id='word_1_256' title='bbox 1522 2041 1815 2086; x_wconf 84' lang='lat' dir='ltr'><strong>Consonantia</strong></span> <span class='ocrx_word' id='word_1_257' title='bbox 1843 2043 1984 2086; x_wconf 88' lang='lat' dir='ltr'><strong>finalis</strong></span> <span class='ocrx_word' id='word_1_258' title='bbox 2015 2043 2258 2100; x_wconf 84' lang='lat' dir='ltr'><strong>copulativa</strong></span> 
     </span>
     <span class='ocr_line' id='line_1_27' title="bbox 291 2105 2257 2167; baseline 0.003 -18"><span class='ocrx_word' id='word_1_259' title='bbox 291 2105 539 2150; x_wconf 85' lang='lat' dir='ltr'><strong>continuata</strong></span> <span class='ocrx_word' id='word_1_260' title='bbox 568 2123 589 2149; x_wconf 80' lang='lat' dir='ltr'><strong>e</strong></span> <span class='ocrx_word' id='word_1_261' title='bbox 617 2111 815 2166; x_wconf 85' lang='lat' dir='ltr'><strong>congruit</strong></span> <span class='ocrx_word' id='word_1_262' title='bbox 853 2126 947 2154; x_wconf 87' lang='lat' dir='ltr'><strong>cum</strong></span> <span class='ocrx_word' id='word_1_263' title='bbox 988 2113 1269 2154; x_wconf 83' lang='lat' dir='ltr'><strong>consonantia</strong></span> <span class='ocrx_word' id='word_1_264' title='bbox 1305 2111 1551 2154; x_wconf 83' lang='lat' dir='ltr'><strong>continuata</strong></span> <span class='ocrx_word' id='word_1_265' title='bbox 1589 2110 1870 2153; x_wconf 86' lang='lat' dir='ltr'><strong>usitatissima</strong></span> <span class='ocrx_word' id='word_1_266' title='bbox 1906 2110 2019 2167; x_wconf 87' lang='lat' dir='ltr'><strong>apud</strong></span> <span class='ocrx_word' id='word_1_267' title='bbox 2051 2110 2257 2163; x_wconf 85' lang='lat' dir='ltr'><strong>Cambros</strong></span> 
     </span>
    </p>
   </div>
   <div class='ocr_carea' id='block_1_5' title="bbox 292 2174 2255 2235">
    <p class='ocr_par' dir='ltr' id='par_1_5' title="bbox 292 2174 2255 2235">
     <span class='ocr_line' id='line_1_28' title="bbox 292 2174 2255 2235; baseline 0.003 -20"><span class='ocrx_word' id='word_1_268' title='bbox 292 2180 453 2229; x_wconf 74' lang='lat' dir='ltr'><strong>poetas.</strong></span> <span class='ocrx_word' id='word_1_269' title='bbox 514 2174 687 2219; x_wconf 84' lang='lat' dir='ltr'><strong>Profero</strong></span> <span class='ocrx_word' id='word_1_270' title='bbox 718 2178 876 2233; x_wconf 87' lang='lat' dir='ltr'><strong>primas</strong></span> <span class='ocrx_word' id='word_1_271' title='bbox 909 2179 1105 2235; x_wconf 83' lang='lat' dir='ltr'><strong>strophas</strong></span> <span class='ocrx_word' id='word_1_272' title='bbox 1139 2179 1243 2221; x_wconf 83' lang='lat' dir='ltr'><strong>duas</strong></span> <span class='ocrx_word' id='word_1_273' title='bbox 1270 2178 1405 2235; x_wconf 86' lang='lat' dir='ltr'><strong>(Opp.</strong></span> <span class='ocrx_word' id='word_1_274' title='bbox 1431 2178 1485 2220; x_wconf 92' lang='lat' dir='ltr'><strong>D.</strong></span> <span class='ocrx_word' id='word_1_275' title='bbox 1510 2179 1709 2234; x_wconf 73' lang='lat' dir='ltr'><strong>August.⁷</strong></span> <span class='ocrx_word' id='word_1_276' title='bbox 1738 2176 1876 2233; x_wconf 85' lang='lat' dir='ltr'><strong>Lugd.</strong></span> <span class='ocrx_word' id='word_1_277' title='bbox 1912 2178 2034 2221; x_wconf 83' lang='lat'><strong>1586.</strong></span> <span class='ocrx_word' id='word_1_278' title='bbox 2056 2180 2093 2232; x_wconf 85' lang='lat'><strong>7,</strong></span> <span class='ocrx_word' id='word_1_279' title='bbox 2114 2195 2157 2235; x_wconf 80' lang='lat' dir='ltr'><strong>p.</strong></span> <span class='ocrx_word' id='word_1_280' title='bbox 2189 2180 2255 2233; x_wconf 85' lang='lat'><strong>3):</strong></span> 
     </span>
    </p>
   </div>
   <div class='ocr_carea' id='block_1_6' title="bbox 613 2268 1882 2753">
    <p class='ocr_par' dir='ltr' id='par_1_6' title="bbox 613 2268 1882 2753">
     <span class='ocr_line' id='line_1_29' title="bbox 664 2268 1767 2319; baseline 0 -14"><span class='ocrx_word' id='word_1_281' title='bbox 664 2268 915 2306; x_wconf 85' lang='lat' dir='ltr'><strong>Abundantia</strong></span> <span class='ocrx_word' id='word_1_282' title='bbox 943 2274 1183 2319; x_wconf 85' lang='lat' dir='ltr'><strong>peccatorum</strong></span> <span class='ocrx_word' id='word_1_283' title='bbox 1203 2268 1213 2311; x_wconf 54' lang='grc' dir='ltr'><strong>,ζ</strong></span> <span class='ocrx_word' id='word_1_284' title='bbox 1233 2270 1331 2308; x_wconf 89' lang='lat' dir='ltr'><strong>solet</strong></span> <span class='ocrx_word' id='word_1_285' title='bbox 1355 2268 1494 2306; x_wconf 77' lang='lat' dir='ltr'><strong>fratres</strong></span> <span class='ocrx_word' id='word_1_286' title='bbox 1523 2270 1767 2315; x_wconf 80' lang='lat' dir='ltr'><strong>conturbare3</strong></span> 
     </span>
     <span class='ocr_line' id='line_1_30' title="bbox 613 2330 1792 2381; baseline 0.001 -14"><span class='ocrx_word' id='word_1_287' title='bbox 613 2330 774 2380; x_wconf 84' lang='lat' dir='ltr'><strong>Propter</strong></span> <span class='ocrx_word' id='word_1_288' title='bbox 801 2331 873 2369; x_wconf 88' lang='lat' dir='ltr'><strong>hoc</strong></span> <span class='ocrx_word' id='word_1_289' title='bbox 901 2331 1080 2369; x_wconf 86' lang='lat' dir='ltr'><strong>dominus</strong></span> <span class='ocrx_word' id='word_1_290' title='bbox 1107 2337 1238 2369; x_wconf 83' lang='lat' dir='ltr'><strong>noster</strong></span> <span class='ocrx_word' id='word_1_291' title='bbox 1256 2330 1266 2375; x_wconf 88' lang='grc' dir='ltr'><strong>ΙΙ</strong></span> <span class='ocrx_word' id='word_1_292' title='bbox 1284 2331 1406 2369; x_wconf 88' lang='lat' dir='ltr'><strong>voluit</strong></span> <span class='ocrx_word' id='word_1_293' title='bbox 1433 2343 1504 2368; x_wconf 88' lang='lat' dir='ltr'><strong>nos</strong></span> <span class='ocrx_word' id='word_1_294' title='bbox 1530 2342 1792 2381; x_wconf 80' lang='lat' dir='ltr'><strong>praemonere,</strong></span> 
     </span>
     <span class='ocr_line' id='line_1_31' title="bbox 613 2392 1823 2443; baseline 0.001 -14"><span class='ocrx_word' id='word_1_295' title='bbox 613 2392 849 2442; x_wconf 87' lang='lat' dir='ltr'><strong>Comparans</strong></span> <span class='ocrx_word' id='word_1_296' title='bbox 876 2406 1037 2443; x_wconf 87' lang='lat' dir='ltr'><strong>regnum</strong></span> <span class='ocrx_word' id='word_1_297' title='bbox 1066 2394 1259 2432; x_wconf 86' lang='lat' dir='ltr'><strong>caelorum</strong></span> <span class='ocrx_word' id='word_1_298' title='bbox 1277 2392 1287 2438; x_wconf 72' lang='lat' dir='ltr'><strong>{l</strong></span> <span class='ocrx_word' id='word_1_299' title='bbox 1305 2393 1465 2431; x_wconf 84' lang='lat' dir='ltr'><strong>reticulo</strong></span> <span class='ocrx_word' id='word_1_300' title='bbox 1492 2394 1611 2431; x_wconf 89' lang='lat' dir='ltr'><strong>misso</strong></span> <span class='ocrx_word' id='word_1_301' title='bbox 1638 2393 1679 2431; x_wconf 89' lang='lat' dir='ltr'><strong>in</strong></span> <span class='ocrx_word' id='word_1_302' title='bbox 1706 2405 1823 2439; x_wconf 85' lang='lat' dir='ltr'><strong>mare,</strong></span> 
     </span>
     <span class='ocr_line' id='line_1_32' title="bbox 615 2454 1840 2507; baseline 0 -15"><span class='ocrx_word' id='word_1_303' title='bbox 615 2454 873 2505; x_wconf 81' lang='lat' dir='ltr'><strong>Congreganti</strong></span> <span class='ocrx_word' id='word_1_304' title='bbox 901 2455 1042 2494; x_wconf 87' lang='lat' dir='ltr'><strong>multos</strong></span> <span class='ocrx_word' id='word_1_305' title='bbox 1069 2457 1208 2506; x_wconf 84' lang='lat' dir='ltr'><strong>pisces,</strong></span> <span class='ocrx_word' id='word_1_306' title='bbox 1236 2464 1246 2507; x_wconf 62' lang='lat' dir='ltr'><strong>{fi</strong></span> <span class='ocrx_word' id='word_1_307' title='bbox 1265 2468 1377 2494; x_wconf 89' lang='lat' dir='ltr'><strong>omne</strong></span> <span class='ocrx_word' id='word_1_308' title='bbox 1406 2468 1526 2506; x_wconf 84' lang='lat' dir='ltr'><strong>genus</strong></span> <span class='ocrx_word' id='word_1_309' title='bbox 1553 2456 1644 2493; x_wconf 88' lang='lat' dir='ltr'><strong>hinc</strong></span> <span class='ocrx_word' id='word_1_310' title='bbox 1672 2459 1710 2493; x_wconf 90' lang='lat' dir='ltr'><strong>et</strong></span> <span class='ocrx_word' id='word_1_311' title='bbox 1736 2454 1840 2493; x_wconf 88' lang='lat' dir='ltr'><strong>inde.</strong></span> 
     </span>
     <span class='ocr_line' id='line_1_33' title="bbox 615 2517 1882 2568; baseline 0.001 -14"><span class='ocrx_word' id='word_1_312' title='bbox 615 2517 719 2564; x_wconf 78' lang='lat' dir='ltr'><strong>Quos</strong></span> <span class='ocrx_word' id='word_1_313' title='bbox 748 2530 834 2555; x_wconf 84' lang='lat' dir='ltr'><strong>cum</strong></span> <span class='ocrx_word' id='word_1_314' title='bbox 862 2519 1072 2557; x_wconf 83' lang='lat' dir='ltr'><strong>traxissent</strong></span> <span class='ocrx_word' id='word_1_315' title='bbox 1098 2519 1147 2557; x_wconf 90' lang='lat' dir='ltr'><strong>ad</strong></span> <span class='ocrx_word' id='word_1_316' title='bbox 1175 2519 1278 2566; x_wconf 86' lang='lat' dir='ltr'><strong>litus,</strong></span> <span class='ocrx_word' id='word_1_317' title='bbox 1306 2518 1317 2561; x_wconf 59' lang='grc' dir='ltr'><strong>Ιῑ</strong></span> <span class='ocrx_word' id='word_1_318' title='bbox 1335 2523 1428 2557; x_wconf 86' lang='lat' dir='ltr'><strong>tunc</strong></span> <span class='ocrx_word' id='word_1_319' title='bbox 1455 2522 1665 2567; x_wconf 87' lang='lat' dir='ltr'><strong>coeperunt</strong></span> <span class='ocrx_word' id='word_1_320' title='bbox 1690 2530 1882 2568; x_wconf 86' lang='lat' dir='ltr'><strong>separare,</strong></span> 
     </span>
     <span class='ocr_line' id='line_1_34' title="bbox 616 2579 1741 2631; baseline 0.002 -15"><span class='ocrx_word' id='word_1_321' title='bbox 616 2580 743 2617; x_wconf 85' lang='lat' dir='ltr'><strong>Bonos</strong></span> <span class='ocrx_word' id='word_1_322' title='bbox 770 2581 811 2618; x_wconf 88' lang='lat' dir='ltr'><strong>iu</strong></span> <span class='ocrx_word' id='word_1_323' title='bbox 838 2593 929 2618; x_wconf 80' lang='lat' dir='ltr'><strong>vasa</strong></span> <span class='ocrx_word' id='word_1_324' title='bbox 955 2582 1155 2629; x_wconf 79' lang='lat' dir='ltr'><strong>miserunt,</strong></span> <span class='ocrx_word' id='word_1_325' title='bbox 1183 2580 1193 2625; x_wconf 67' lang='lat' dir='ltr'><strong>{l</strong></span> <span class='ocrx_word' id='word_1_326' title='bbox 1211 2580 1380 2631; x_wconf 86' lang='lat' dir='ltr'><strong>reliquos</strong></span> <span class='ocrx_word' id='word_1_327' title='bbox 1409 2579 1530 2617; x_wconf 87' lang='lat' dir='ltr'><strong>malos</strong></span> <span class='ocrx_word' id='word_1_328' title='bbox 1556 2580 1597 2617; x_wconf 89' lang='lat' dir='ltr'><strong>in</strong></span> <span class='ocrx_word' id='word_1_329' title='bbox 1624 2592 1741 2618; x_wconf 84' lang='lat' dir='ltr'><strong>mare.</strong></span> 
     </span>
     <span class='ocr_line' id='line_1_35' title="bbox 616 2638 1845 2694; baseline 0 -14"><span class='ocrx_word' id='word_1_330' title='bbox 616 2641 801 2693; x_wconf 79' lang='lat' dir='ltr'><strong>Quisquis</strong></span> <span class='ocrx_word' id='word_1_331' title='bbox 826 2643 962 2682; x_wconf 86' lang='lat' dir='ltr'><strong>recolit</strong></span> <span class='ocrx_word' id='word_1_332' title='bbox 988 2638 1247 2694; x_wconf 60' lang='lat' dir='ltr'><strong>evangelium,</strong></span> <span class='ocrx_word' id='word_1_333' title='bbox 1274 2642 1285 2687; x_wconf 89' lang='grc' dir='ltr'><strong>ΙΙ</strong></span> <span class='ocrx_word' id='word_1_334' title='bbox 1302 2645 1555 2693; x_wconf 83' lang='lat' dir='ltr'><strong>recognoscat</strong></span> <span class='ocrx_word' id='word_1_335' title='bbox 1581 2654 1669 2680; x_wconf 86' lang='lat' dir='ltr'><strong>cum</strong></span> <span class='ocrx_word' id='word_1_336' title='bbox 1695 2642 1845 2691; x_wconf 83' lang='lat' dir='ltr'><strong>timore,</strong></span> 
     </span>
     <span class='ocr_line' id='line_1_36' title="bbox 616 2704 1839 2753; baseline 0 -11"><span class='ocrx_word' id='word_1_337' title='bbox 616 2704 734 2744; x_wconf 85' lang='lat' dir='ltr'><strong>Videt</strong></span> <span class='ocrx_word' id='word_1_338' title='bbox 759 2705 964 2744; x_wconf 88' lang='lat' dir='ltr'><strong>reticulum</strong></span> <span class='ocrx_word' id='word_1_339' title='bbox 992 2705 1206 2753; x_wconf 77' lang='lat' dir='ltr'><strong>ecclesiam,</strong></span> <span class='ocrx_word' id='word_1_340' title='bbox 1233 2704 1371 2750; x_wconf 61' lang='lat' dir='ltr'><strong>lividet</strong></span> <span class='ocrx_word' id='word_1_341' title='bbox 1396 2704 1471 2742; x_wconf 86' lang='lat' dir='ltr'><strong>hoc</strong></span> <span class='ocrx_word' id='word_1_342' title='bbox 1497 2704 1693 2742; x_wconf 79' lang='lat' dir='ltr'><strong>saeculum</strong></span> <span class='ocrx_word' id='word_1_343' title='bbox 1719 2716 1839 2753; x_wconf 82' lang='lat' dir='ltr'><strong>mare,</strong></span> 
     </span>
    </p>
   </div>
   <div class='ocr_carea' id='block_1_7' title="bbox 318 2793 390 2798">
    <p class='ocr_par' dir='ltr' id='par_1_7' title="bbox 318 2793 390 2798">
     <span class='ocr_line' id='line_1_37' title="bbox 318 2793 390 2798; baseline 0 0"><span class='ocrx_word' id='word_1_344' title='bbox 318 2793 390 2798; x_wconf 95' lang='lat' dir='ltr'><strong> </strong></span> 
     </span>
    </p>
   </div>
   <div class='ocr_carea' id='block_1_8' title="bbox 295 2845 2259 3484">
    <p class='ocr_par' dir='ltr' id='par_1_8' title="bbox 387 2845 2255 2892">
     <span class='ocr_line' id='line_1_38' title="bbox 387 2845 2255 2892; baseline -0.001 -10"><span class='ocrx_word' id='word_1_345' title='bbox 387 2848 403 2864; x_wconf 72' lang='lat'>⁸</span> <span class='ocrx_word' id='word_1_346' title='bbox 429 2848 648 2891; x_wconf 82' lang='lat' dir='ltr'><strong>Syllabarum</strong></span> <span class='ocrx_word' id='word_1_347' title='bbox 675 2851 789 2882; x_wconf 82' lang='lat' dir='ltr'><strong>certus</strong></span> <span class='ocrx_word' id='word_1_348' title='bbox 814 2858 977 2882; x_wconf 85' lang='lat' dir='ltr'><strong>numerus</strong></span> <span class='ocrx_word' id='word_1_349' title='bbox 1003 2857 1062 2892; x_wconf 89' lang='lat' dir='ltr'><strong>per</strong></span> <span class='ocrx_word' id='word_1_350' title='bbox 1087 2856 1123 2880; x_wconf 83' lang='lat' dir='ltr'><strong>se</strong></span> <span class='ocrx_word' id='word_1_351' title='bbox 1147 2846 1216 2880; x_wconf 82' lang='lat' dir='ltr'><strong>iam</strong></span> <span class='ocrx_word' id='word_1_352' title='bbox 1241 2846 1334 2890; x_wconf 84' lang='lat' dir='ltr'><strong>apud</strong></span> <span class='ocrx_word' id='word_1_353' title='bbox 1359 2846 1463 2882; x_wconf 85' lang='lat' dir='ltr'><strong>Indos</strong></span> <span class='ocrx_word' id='word_1_354' title='bbox 1486 2846 1614 2881; x_wconf 84' lang='lat' dir='ltr'><strong>formae</strong></span> <span class='ocrx_word' id='word_1_355' title='bbox 1638 2846 1791 2890; x_wconf 69' lang='lat' dir='ltr'><strong>poeticae</strong></span> <span class='ocrx_word' id='word_1_356' title='bbox 1815 2845 1963 2890; x_wconf 80' lang='lat' dir='ltr'><strong>speciem</strong></span> <span class='ocrx_word' id='word_1_357' title='bbox 1993 2846 2109 2889; x_wconf 84' lang='lat' dir='ltr'><strong>efficit,</strong></span> <span class='ocrx_word' id='word_1_358' title='bbox 2136 2857 2255 2892; x_wconf 82' lang='lat' dir='ltr'><strong>quam-</strong></span> 
     </span>
    </p>

    <p class='ocr_par' dir='ltr' id='par_1_9' title="bbox 295 2891 2259 3302">
     <span class='ocr_line' id='line_1_39' title="bbox 296 2891 2259 2937; baseline 0.001 -14"><span class='ocrx_word' id='word_1_359' title='bbox 296 2893 345 2926; x_wconf 84' lang='lat' dir='ltr'><strong>vis</strong></span> <span class='ocrx_word' id='word_1_360' title='bbox 371 2894 406 2926; x_wconf 88' lang='lat' dir='ltr'><strong>in</strong></span> <span class='ocrx_word' id='word_1_361' title='bbox 440 2904 554 2927; x_wconf 86' lang='lat' dir='ltr'><strong>eorum</strong></span> <span class='ocrx_word' id='word_1_362' title='bbox 592 2897 725 2927; x_wconf 80' lang='lat' dir='ltr'><strong>vetusta</strong></span> <span class='ocrx_word' id='word_1_363' title='bbox 755 2894 870 2937; x_wconf 80' lang='lat' dir='ltr'><strong>lingua</strong></span> <span class='ocrx_word' id='word_1_364' title='bbox 902 2896 1096 2937; x_wconf 87' lang='lat' dir='ltr'><strong>temporum</strong></span> <span class='ocrx_word' id='word_1_365' title='bbox 1127 2892 1173 2926; x_wconf 87' lang='lat' dir='ltr'><strong>sit</strong></span> <span class='ocrx_word' id='word_1_366' title='bbox 1202 2892 1354 2935; x_wconf 85' lang='lat' dir='ltr'><strong>perfecta</strong></span> <span class='ocrx_word' id='word_1_367' title='bbox 1384 2892 1574 2926; x_wconf 86' lang='lat' dir='ltr'><strong>distinctio.</strong></span> <span class='ocrx_word' id='word_1_368' title='bbox 1631 2892 1775 2926; x_wconf 85' lang='lat' dir='ltr'><strong>Versum</strong></span> <span class='ocrx_word' id='word_1_369' title='bbox 1807 2891 1912 2925; x_wconf 86' lang='lat' dir='ltr'><strong>etiam</strong></span> <span class='ocrx_word' id='word_1_370' title='bbox 1949 2893 2042 2937; x_wconf 82' lang='lat' dir='ltr'><strong>apud</strong></span> <span class='ocrx_word' id='word_1_371' title='bbox 2083 2893 2143 2927; x_wconf 84' lang='lat' dir='ltr'><strong>hos</strong></span> <span class='ocrx_word' id='word_1_372' title='bbox 2174 2892 2259 2926; x_wconf 84' lang='lat' dir='ltr'><strong>bina</strong></span> 
     </span>
     <span class='ocr_line' id='line_1_40' title="bbox 297 2936 2258 2982; baseline 0.001 -11"><span class='ocrx_word' id='word_1_373' title='bbox 297 2939 448 2972; x_wconf 86' lang='lat' dir='ltr'><strong>membra</strong></span> <span class='ocrx_word' id='word_1_374' title='bbox 473 2940 702 2979; x_wconf 79' lang='lat' dir='ltr'><strong>constituunt,</strong></span> <span class='ocrx_word' id='word_1_375' title='bbox 730 2939 799 2973; x_wconf 89' lang='lat' dir='ltr'><strong>bini</strong></span> <span class='ocrx_word' id='word_1_376' title='bbox 827 2949 944 2972; x_wconf 84' lang='lat' dir='ltr'><strong>versus</strong></span> <span class='ocrx_word' id='word_1_377' title='bbox 969 2939 1152 2979; x_wconf 83' lang='lat' dir='ltr'><strong>distichon,</strong></span> <span class='ocrx_word' id='word_1_378' title='bbox 1179 2938 1269 2981; x_wconf 86' lang='lat' dir='ltr'><strong>quod</strong></span> <span class='ocrx_word' id='word_1_379' title='bbox 1295 2938 1418 2972; x_wconf 87' lang='lat' dir='ltr'><strong>dicunt</strong></span> <span class='ocrx_word' id='word_1_380' title='bbox 1440 2936 1581 2973; x_wconf 67' lang='lat' dir='ltr'><strong>slot-um.</strong></span> <span class='ocrx_word' id='word_1_381' title='bbox 1625 2938 1752 2972; x_wconf 85' lang='lat' dir='ltr'><strong>Versus</strong></span> <span class='ocrx_word' id='word_1_382' title='bbox 1776 2936 1895 2982; x_wconf 87' lang='lat' dir='ltr'><strong>epicus</strong></span> <span class='ocrx_word' id='word_1_383' title='bbox 1920 2937 2053 2973; x_wconf 86' lang='lat' dir='ltr'><strong>brevior</strong></span> <span class='ocrx_word' id='word_1_384' title='bbox 2077 2939 2199 2972; x_wconf 87' lang='lat' dir='ltr'><strong>ceteris</strong></span> <span class='ocrx_word' id='word_1_385' title='bbox 2224 2940 2258 2972; x_wconf 86' lang='lat' dir='ltr'><strong>et</strong></span> 
     </span>
     <span class='ocr_line' id='line_1_41' title="bbox 295 2982 2258 3029; baseline 0.001 -13"><span class='ocrx_word' id='word_1_386' title='bbox 295 2984 560 3025; x_wconf 78' lang='lat' dir='ltr'><strong>usitatissimus,</strong></span> <span class='ocrx_word' id='word_1_387' title='bbox 593 2995 661 3029; x_wconf 85' lang='lat' dir='ltr'><strong>quo</strong></span> <span class='ocrx_word' id='word_1_388' title='bbox 694 2985 884 3018; x_wconf 82' lang='lat' dir='ltr'><strong>carminum</strong></span> <span class='ocrx_word' id='word_1_389' title='bbox 917 2985 1091 3028; x_wconf 82' lang='lat' dir='ltr'><strong>epicorum</strong></span> <span class='ocrx_word' id='word_1_390' title='bbox 1122 2985 1242 3027; x_wconf 82' lang='lat' dir='ltr'><strong>ingens</strong></span> <span class='ocrx_word' id='word_1_391' title='bbox 1269 2984 1374 3017; x_wconf 88' lang='lat' dir='ltr'><strong>moles</strong></span> <span class='ocrx_word' id='word_1_392' title='bbox 1405 2983 1572 3024; x_wconf 77' lang='lat' dir='ltr'><strong>decurrit,</strong></span> <span class='ocrx_word' id='word_1_393' title='bbox 1610 2984 1647 3018; x_wconf 88' lang='lat' dir='ltr'><strong>in</strong></span> <span class='ocrx_word' id='word_1_394' title='bbox 1671 2983 1816 3026; x_wconf 83' lang='lat' dir='ltr'><strong>singulis</strong></span> <span class='ocrx_word' id='word_1_395' title='bbox 1854 2982 2083 3017; x_wconf 81' lang='lat' dir='ltr'><strong>hemistichiis</strong></span> <span class='ocrx_word' id='word_1_396' title='bbox 2118 2985 2258 3018; x_wconf 84' lang='lat' dir='ltr'><strong>octonas</strong></span> 
     </span>
     <span class='ocr_line' id='line_1_42' title="bbox 295 3028 2254 3074; baseline -0.001 -12"><span class='ocrx_word' id='word_1_397' title='bbox 295 3030 447 3072; x_wconf 80' lang='lat' dir='ltr'><strong>syllabas</strong></span> <span class='ocrx_word' id='word_1_398' title='bbox 483 3030 651 3074; x_wconf 76' lang='lat' dir='ltr'><strong>postulat3</strong></span> <span class='ocrx_word' id='word_1_399' title='bbox 683 3030 800 3074; x_wconf 86' lang='lat' dir='ltr'><strong>plures</strong></span> <span class='ocrx_word' id='word_1_400' title='bbox 830 3031 866 3063; x_wconf 89' lang='lat' dir='ltr'><strong>in</strong></span> <span class='ocrx_word' id='word_1_401' title='bbox 898 3031 974 3064; x_wconf 84' lang='lat' dir='ltr'><strong>aliis</strong></span> <span class='ocrx_word' id='word_1_402' title='bbox 1009 3030 1199 3064; x_wconf 82' lang='lat' dir='ltr'><strong>carminum</strong></span> <span class='ocrx_word' id='word_1_403' title='bbox 1225 3030 1405 3073; x_wconf 82' lang='lat' dir='ltr'><strong>generibus</strong></span> <span class='ocrx_word' id='word_1_404' title='bbox 1441 3039 1643 3073; x_wconf 86' lang='lat' dir='ltr'><strong>componere</strong></span> <span class='ocrx_word' id='word_1_405' title='bbox 1668 3029 1780 3063; x_wconf 87' lang='lat' dir='ltr'><strong>solent</strong></span> <span class='ocrx_word' id='word_1_406' title='bbox 1803 3028 1924 3072; x_wconf 66' lang='lat' dir='ltr'><strong>poetae</strong></span> <span class='ocrx_word' id='word_1_407' title='bbox 1947 3039 1989 3062; x_wconf 88' lang='lat' dir='ltr'><strong>ex</strong></span> <span class='ocrx_word' id='word_1_408' title='bbox 2022 3029 2162 3063; x_wconf 85' lang='lat' dir='ltr'><strong>arbitrio</strong></span> <span class='ocrx_word' id='word_1_409' title='bbox 2185 3030 2254 3073; x_wconf 85' lang='lat' dir='ltr'><strong>ple-</strong></span> 
     </span>
     <span class='ocr_line' id='line_1_43' title="bbox 298 3073 2258 3119; baseline 0.001 -13"><span class='ocrx_word' id='word_1_410' title='bbox 298 3086 451 3119; x_wconf 85' lang='lat' dir='ltr'><strong>rumque,</strong></span> <span class='ocrx_word' id='word_1_411' title='bbox 476 3079 515 3109; x_wconf 85' lang='lat' dir='ltr'><strong>ut</strong></span> <span class='ocrx_word' id='word_1_412' title='bbox 534 3076 761 3109; x_wconf 73' lang='lat' dir='ltr'><strong>Rhartriharis</strong></span> <span class='ocrx_word' id='word_1_413' title='bbox 777 3076 812 3109; x_wconf 90' lang='lat' dir='ltr'><strong>in</strong></span> <span class='ocrx_word' id='word_1_414' title='bbox 830 3077 1012 3110; x_wconf 83' lang='lat' dir='ltr'><strong>sententiis</strong></span> <span class='ocrx_word' id='word_1_415' title='bbox 1037 3075 1197 3109; x_wconf 86' lang='lat' dir='ltr'><strong>membris</strong></span> <span class='ocrx_word' id='word_1_416' title='bbox 1222 3075 1434 3118; x_wconf 83' lang='lat' dir='ltr'><strong>syllabarum</strong></span> <span class='ocrx_word' id='word_1_417' title='bbox 1460 3076 1680 3119; x_wconf 85' lang='lat' dir='ltr'><strong>septenarum</strong></span> <span class='ocrx_word' id='word_1_418' title='bbox 1704 3073 1871 3108; x_wconf 81' lang='lat' dir='ltr'><strong>denarum</strong></span> <span class='ocrx_word' id='word_1_419' title='bbox 1899 3073 2078 3119; x_wconf 78' lang='lat' dir='ltr'><strong>subiungit</strong></span> <span class='ocrx_word' id='word_1_420' title='bbox 2107 3075 2258 3108; x_wconf 80' lang='lat' dir='ltr'><strong>membra</strong></span> 
     </span>
     <span class='ocr_line' id='line_1_44' title="bbox 298 3119 2256 3165; baseline 0 -13"><span class='ocrx_word' id='word_1_421' title='bbox 298 3121 492 3154; x_wconf 81' lang='lat' dir='ltr'><strong>vicenarum</strong></span> <span class='ocrx_word' id='word_1_422' title='bbox 518 3121 687 3155; x_wconf 84' lang='lat' dir='ltr'><strong>binarum.</strong></span> <span class='ocrx_word' id='word_1_423' title='bbox 736 3121 836 3154; x_wconf 86' lang='lat' dir='ltr'><strong>Indos</strong></span> <span class='ocrx_word' id='word_1_424' title='bbox 867 3122 960 3155; x_wconf 90' lang='lat' dir='ltr'><strong>omni</strong></span> <span class='ocrx_word' id='word_1_425' title='bbox 983 3123 1051 3155; x_wconf 85' lang='lat' dir='ltr'><strong>fere</strong></span> <span class='ocrx_word' id='word_1_426' title='bbox 1075 3121 1159 3154; x_wconf 80' lang='lat' dir='ltr'><strong>artis</strong></span> <span class='ocrx_word' id='word_1_427' title='bbox 1183 3131 1304 3165; x_wconf 76' lang='lat' dir='ltr'><strong>genere</strong></span> <span class='ocrx_word' id='word_1_428' title='bbox 1329 3121 1479 3155; x_wconf 88' lang='lat' dir='ltr'><strong>imbutos</strong></span> <span class='ocrx_word' id='word_1_429' title='bbox 1504 3121 1716 3164; x_wconf 83' lang='lat' dir='ltr'><strong>rhythmum,</strong></span> <span class='ocrx_word' id='word_1_430' title='bbox 1743 3120 1765 3153; x_wconf 89' lang='lat' dir='ltr'><strong>i.</strong></span> <span class='ocrx_word' id='word_1_431' title='bbox 1789 3130 1818 3153; x_wconf 87' lang='lat' dir='ltr'><strong>e.</strong></span> <span class='ocrx_word' id='word_1_432' title='bbox 1844 3119 2021 3154; x_wconf 81' lang='lat' dir='ltr'><strong>certiorem</strong></span> <span class='ocrx_word' id='word_1_433' title='bbox 2045 3119 2256 3163; x_wconf 76' lang='lat' dir='ltr'><strong>syllabarum</strong></span> 
     </span>
     <span class='ocr_line' id='line_1_45' title="bbox 297 3163 2256 3212; baseline 0.001 -15"><span class='ocrx_word' id='word_1_434' title='bbox 297 3167 450 3199; x_wconf 75' lang='lat' dir='ltr'><strong>brevium</strong></span> <span class='ocrx_word' id='word_1_435' title='bbox 481 3172 515 3199; x_wconf 79' lang='lat' dir='ltr'><strong>et</strong></span> <span class='ocrx_word' id='word_1_436' title='bbox 540 3167 723 3211; x_wconf 69' lang='lat' dir='ltr'><strong>longarum</strong></span> <span class='ocrx_word' id='word_1_437' title='bbox 757 3166 910 3200; x_wconf 86' lang='lat' dir='ltr'><strong>ordinem</strong></span> <span class='ocrx_word' id='word_1_438' title='bbox 942 3167 978 3201; x_wconf 87' lang='lat' dir='ltr'><strong>in</strong></span> <span class='ocrx_word' id='word_1_439' title='bbox 1003 3167 1209 3212; x_wconf 75' lang='lat' dir='ltr'><strong>quibusdam</strong></span> <span class='ocrx_word' id='word_1_440' title='bbox 1241 3166 1380 3200; x_wconf 81' lang='lat' dir='ltr'><strong>distichi</strong></span> <span class='ocrx_word' id='word_1_441' title='bbox 1413 3166 1494 3200; x_wconf 84' lang='lat' dir='ltr'><strong>loeis</strong></span> <span class='ocrx_word' id='word_1_442' title='bbox 1520 3166 1719 3210; x_wconf 83' lang='lat' dir='ltr'><strong>adoptasse,</strong></span> <span class='ocrx_word' id='word_1_443' title='bbox 1751 3165 1802 3198; x_wconf 84' lang='lat' dir='ltr'><strong>vel</strong></span> <span class='ocrx_word' id='word_1_444' title='bbox 1835 3165 2092 3199; x_wconf 83' lang='lat' dir='ltr'><strong>consonantiam</strong></span> <span class='ocrx_word' id='word_1_445' title='bbox 2119 3163 2256 3198; x_wconf 81' lang='lat' dir='ltr'><strong>finalem</strong></span> 
     </span>
     <span class='ocr_line' id='line_1_46' title="bbox 297 3208 2255 3256; baseline -0.001 -12"><span class='ocrx_word' id='word_1_446' title='bbox 297 3212 470 3245; x_wconf 74' lang='lat' dir='ltr'><strong>interdum</strong></span> <span class='ocrx_word' id='word_1_447' title='bbox 502 3213 637 3246; x_wconf 82' lang='lat' dir='ltr'><strong>maioris</strong></span> <span class='ocrx_word' id='word_1_448' title='bbox 670 3214 811 3246; x_wconf 80' lang='lat' dir='ltr'><strong>ornatus</strong></span> <span class='ocrx_word' id='word_1_449' title='bbox 844 3223 948 3246; x_wconf 86' lang='lat' dir='ltr'><strong>causa</strong></span> <span class='ocrx_word' id='word_1_450' title='bbox 972 3213 1161 3252; x_wconf 70' lang='lat' dir='ltr'><strong>addidisse,</strong></span> <span class='ocrx_word' id='word_1_451' title='bbox 1188 3213 1265 3256; x_wconf 78' lang='lat' dir='ltr'><strong>quis</strong></span> <span class='ocrx_word' id='word_1_452' title='bbox 1291 3212 1493 3246; x_wconf 84' lang='lat' dir='ltr'><strong>mirabitur?</strong></span> <span class='ocrx_word' id='word_1_453' title='bbox 1533 3212 1580 3246; x_wconf 89' lang='lat' dir='ltr'><strong>Ut</strong></span> <span class='ocrx_word' id='word_1_454' title='bbox 1604 3212 1640 3245; x_wconf 92' lang='lat' dir='ltr'><strong>in</strong></span> <span class='ocrx_word' id='word_1_455' title='bbox 1670 3208 1957 3254; x_wconf 74' lang='lat' dir='ltr'><strong>Ghatakarpam,</strong></span> <span class='ocrx_word' id='word_1_456' title='bbox 1984 3210 2083 3244; x_wconf 89' lang='lat' dir='ltr'><strong>cuius</strong></span> <span class='ocrx_word' id='word_1_457' title='bbox 2107 3210 2255 3254; x_wconf 88' lang='lat' dir='ltr'><strong>primum</strong></span> 
     </span>
     <span class='ocr_line' id='line_1_47' title="bbox 295 3258 1430 3302; baseline 0.001 -13"><span class='ocrx_word' id='word_1_458' title='bbox 295 3258 422 3290; x_wconf 67' lang='lat' dir='ltr'><strong>sio-tum</strong></span> <span class='ocrx_word' id='word_1_459' title='bbox 452 3258 577 3300; x_wconf 76' lang='lat' dir='ltr'><strong>profert</strong></span> <span class='ocrx_word' id='word_1_460' title='bbox 603 3258 755 3301; x_wconf 73' lang='lat' dir='ltr'><strong>ssoppius</strong></span> <span class='ocrx_word' id='word_1_461' title='bbox 780 3258 816 3290; x_wconf 89' lang='lat' dir='ltr'><strong>in</strong></span> <span class='ocrx_word' id='word_1_462' title='bbox 841 3259 990 3291; x_wconf 78' lang='lat' dir='ltr'><strong>editione</strong></span> <span class='ocrx_word' id='word_1_463' title='bbox 1014 3258 1091 3292; x_wconf 88' lang='lat' dir='ltr'><strong>Nali</strong></span> <span class='ocrx_word' id='word_1_464' title='bbox 1115 3258 1231 3302; x_wconf 79' lang='lat' dir='ltr'><strong>(praef.</strong></span> <span class='ocrx_word' id='word_1_465' title='bbox 1257 3268 1291 3302; x_wconf 84' lang='lat' dir='ltr'><strong>p.</strong></span> <span class='ocrx_word' id='word_1_466' title='bbox 1322 3258 1430 3298; x_wconf 74' lang='lat' dir='ltr'><strong>vl11)2</strong></span> 
     </span>
    </p>

    <p class='ocr_par' dir='ltr' id='par_1_10' title="bbox 614 3301 1772 3348">
     <span class='ocr_line' id='line_1_48' title="bbox 614 3301 1772 3348; baseline 0 -13"><span class='ocrx_word' id='word_1_467' title='bbox 614 3303 744 3336; x_wconf 65' lang='lat' dir='ltr'><strong>mcitaiz</strong></span> <span class='ocrx_word' id='word_1_468' title='bbox 769 3302 867 3335; x_wconf 65' lang='lat' dir='ltr'><strong>Iuliam</strong></span> <span class='ocrx_word' id='word_1_469' title='bbox 895 3301 1018 3348; x_wconf 65' lang='grc' dir='ltr'><strong>ιιρέίῃα</strong></span> <span class='ocrx_word' id='word_1_470' title='bbox 1043 3302 1200 3338; x_wconf 67' lang='lat' dir='ltr'><strong>nire-(laih</strong></span> <span class='ocrx_word' id='word_1_471' title='bbox 1225 3304 1227 3314; x_wconf 80' lang='lat'>²</span> <span class='ocrx_word' id='word_1_472' title='bbox 1241 3301 1772 3348; x_wconf 66' lang='lat' dir='ltr'><strong>pre‘yalzi&#39;ncihrdaydvaniradaih</strong></span> 
     </span>
    </p>

    <p class='ocr_par' dir='ltr' id='par_1_11' title="bbox 297 3345 2254 3484">
     <span class='ocr_line' id='line_1_49' title="bbox 608 3345 1917 3394; baseline 0.002 -14"><span class='ocrx_word' id='word_1_473' title='bbox 608 3348 746 3382; x_wconf 51' lang='lat' dir='ltr'><strong>salilsiir</strong></span> <span class='ocrx_word' id='word_1_474' title='bbox 772 3347 912 3382; x_wconf 75' lang='lat' dir='ltr'><strong>ne&#39;lzitan&#39;t</strong></span> <span class='ocrx_word' id='word_1_475' title='bbox 935 3349 1050 3392; x_wconf 62' lang='lat' dir='ltr'><strong>ragiala</strong></span> <span class='ocrx_word' id='word_1_476' title='bbox 1073 3350 1209 3383; x_wconf 67' lang='lat' dir='ltr'><strong>kshitziu</strong></span> <span class='ocrx_word' id='word_1_477' title='bbox 1230 3360 1244 3393; x_wconf 43' lang='lat' dir='ltr'><strong>Q,</strong></span> <span class='ocrx_word' id='word_1_478' title='bbox 1265 3346 1506 3382; x_wconf 71' lang='lat' dir='ltr'><strong>ravzcandrciv</strong></span> <span class='ocrx_word' id='word_1_479' title='bbox 1532 3349 1594 3394; x_wconf 81' lang='lat' dir='ltr'><strong>api</strong></span> <span class='ocrx_word' id='word_1_480' title='bbox 1617 3345 1917 3392; x_wconf 64' lang='lat' dir='ltr'><strong>vao’palakshitau.</strong></span> 
     </span>
     <span class='ocr_line' id='line_1_50' title="bbox 297 3389 2254 3439; baseline 0 -14"><span class='ocrx_word' id='word_1_481' title='bbox 297 3392 384 3426; x_wconf 83' lang='lat' dir='ltr'><strong>Eece</strong></span> <span class='ocrx_word' id='word_1_482' title='bbox 409 3395 633 3428; x_wconf 79' lang='lat' dir='ltr'><strong>consonantia</strong></span> <span class='ocrx_word' id='word_1_483' title='bbox 649 3394 762 3428; x_wconf 81' lang='lat' dir='ltr'><strong>finalis</strong></span> <span class='ocrx_word' id='word_1_484' title='bbox 787 3395 1022 3439; x_wconf 82' lang='lat' dir='ltr'><strong>contraposita</strong></span> <span class='ocrx_word' id='word_1_485' title='bbox 1048 3395 1227 3438; x_wconf 80' lang='lat' dir='ltr'><strong>bisyllaba,</strong></span> <span class='ocrx_word' id='word_1_486' title='bbox 1253 3395 1338 3439; x_wconf 90' lang='lat' dir='ltr'><strong>quin</strong></span> <span class='ocrx_word' id='word_1_487' title='bbox 1364 3394 1554 3439; x_wconf 85' lang='lat' dir='ltr'><strong>trisyllaba,</strong></span> <span class='ocrx_word' id='word_1_488' title='bbox 1577 3394 1732 3439; x_wconf 77' lang='lat' dir='ltr'><strong>syllabae</strong></span> <span class='ocrx_word' id='word_1_489' title='bbox 1756 3394 1791 3427; x_wconf 89' lang='lat' dir='ltr'><strong>in</strong></span> <span class='ocrx_word' id='word_1_490' title='bbox 1815 3392 1927 3438; x_wconf 87' lang='lat' dir='ltr'><strong>priore</strong></span> <span class='ocrx_word' id='word_1_491' title='bbox 1951 3391 2102 3426; x_wconf 89' lang='lat' dir='ltr'><strong>membro</strong></span> <span class='ocrx_word' id='word_1_492' title='bbox 2126 3389 2254 3425; x_wconf 73' lang='lat' dir='ltr'><strong>utrius-</strong></span> 
     </span>
     <span class='ocr_line' id='line_1_51' title="bbox 297 3439 1116 3484; baseline 0.005 -13"><span class='ocrx_word' id='word_1_493' title='bbox 297 3449 363 3482; x_wconf 86' lang='lat' dir='ltr'><strong>que</strong></span> <span class='ocrx_word' id='word_1_494' title='bbox 387 3448 505 3473; x_wconf 81' lang='lat' dir='ltr'><strong>versus</strong></span> <span class='ocrx_word' id='word_1_495' title='bbox 529 3439 648 3481; x_wconf 84' lang='lat' dir='ltr'><strong>denae,</strong></span> <span class='ocrx_word' id='word_1_496' title='bbox 673 3441 712 3474; x_wconf 89' lang='lat' dir='ltr'><strong>in</strong></span> <span class='ocrx_word' id='word_1_497' title='bbox 736 3441 923 3484; x_wconf 86' lang='lat' dir='ltr'><strong>posteriore</strong></span> <span class='ocrx_word' id='word_1_498' title='bbox 946 3440 1116 3476; x_wconf 82' lang='lat' dir='ltr'><strong>undenae.</strong></span> 
     </span>
    </p>
   </div>
  </div>
 </body>
</html>
