2336 3736
265 230 347 276 XL
975 239 1252 272 peccamen
1280 240 1506 273 enrroms.

264 354 473 406 bulorum,
503 352 704 405 locorum,
739 352 1086 396 observationum
1115 352 1160 395 in
1182 358 1400 409 postrema
1430 352 1600 395 demum
1621 349 1765 407 operis
1785 356 1907 407 parte
1927 349 2072 406 aliqua
2090 365 2234 408 asper-

265 443 366 485 gere
396 427 624 484 potuimus.

380 499 579 544 Ceterum
616 512 704 541 non
739 512 918 553 possum
952 512 1040 540 non
1074 496 1146 540 hic
1183 497 1328 541 statim
1366 497 1525 554 gratias
1571 512 1697 553 agere
1736 511 1860 552 quam
1897 496 2104 540 maximas
2142 497 2234 541 viro

264 573 646 632 praestantissimo,
677 570 750 627 qui
782 569 991 626 singulari
1020 570 1278 613 humanitate
1310 585 1360 613 ac
1390 570 1680 614 benivolentia
1707 585 1793 612 non
1816 570 1939 612 modo
1971 576 2118 613 auctos
2146 570 2235 614 fere

264 663 343 691 sua
370 647 467 702 ipse
497 661 624 687 manu
655 650 781 701 atque
811 643 1057 686 emendatos
1089 649 1132 686 et
1159 643 1258 686 illos
1278 643 1412 687 libros
1444 641 1542 698 (St,
1575 641 1670 697 GL,
1702 642 1788 696 Cr„
1821 642 1968 697 Goid.,
2000 642 2101 687 San.
2132 642 2235 698 Ch.)

265 721 319 764 ad
348 735 415 762 me
445 716 682 762 transmisit
711 723 754 759 et
784 715 1029 769 schedulas,
1071 731 1178 773 quas
1206 717 1459 761 inserendas
1490 716 1656 759 curavit
1687 715 1947 772 ephemeridi
1977 715 2234 760 Kuhnianae

264 791 454 849 (Remu),
487 797 534 833 ut
562 791 616 833 de
645 789 871 833 Iuvenci
902 788 1379 845 Cantabrigiensis
1411 789 1559 833 codice
1593 789 1806 832 cambrico
1837 788 1985 846 (Cu),
2022 804 2094 843 ac,
2126 805 2234 847 quae

262 880 378 908 nunc
413 865 533 921 typis
564 863 831 921 exprimitur,
870 863 1270 906 commentationem
1308 864 1373 906 de
1403 863 1567 906 verbo
1604 861 1905 917 hibernico,
1946 863 2013 905 cui
2051 862 2237 907 subiecit

261 939 426 995 copiam
481 937 788 980 correctionum
840 942 882 979 et
932 935 1352 980 animadversionum
1399 935 1584 994 epistula
1629 935 1682 979 ad
1713 951 1781 979 me
1828 936 1954 990 data,
2001 937 2076 979 sed
2106 937 2236 980 etiam

263 1027 400 1071 nuper
431 1027 454 1054 e
484 1011 622 1064 curis,
665 1010 819 1066 quibus
849 1007 1026 1052 Felire
1057 1007 1168 1053 Oen
1180 1025 1345 1067 gusso
1384 1011 1575 1053 editurus
1607 1012 1694 1062 est,
1735 1009 2033 1053 liberalissime
2071 1024 2235 1054 mecum

262 1085 593 1129 communicavit
620 1083 815 1141 plagulas
837 1086 1081 1125 contextum
1101 1083 1303 1127 carminis
1324 1084 1594 1126 continentes
1625 1097 1720 1126 cum
1740 1083 2087 1126 adnotationibus
2109 1099 2236 1126 manu

263 1159 436 1217 scriptis
467 1157 739 1214 (praesertim
769 1156 821 1198 de
843 1155 963 1198 varia
982 1156 1165 1200 lectione
1187 1156 1350 1201 codicis
1370 1156 1464 1212 B.);
1494 1151 1680 1211 tandem,
1714 1156 1811 1200 dum
1842 1155 1948 1200 haec
1968 1157 2066 1213 ipsa
2080 1157 2233 1213 scribo,

374 1231 466 1275 Fis
494 1230 788 1275 Adamnain
833 1228 992 1272 slicht
1035 1229 1196 1274 libair
1241 1245 1307 1273 na
1348 1229 1549 1273 huidre.
1626 1228 1891 1275 Adamnan’s
1937 1229 2078 1273 vision
2121 1237 2235 1274 tran-

260 1305 430 1350 scribed
467 1305 551 1347 and
580 1302 815 1347 translated
850 1302 956 1345 from
993 1302 1065 1345 the
1094 1302 1221 1346 Book
1260 1303 1308 1347 of
1332 1303 1404 1347 the
1434 1303 1537 1347 Dun
1567 1302 1686 1356 Cow,
1730 1303 1834 1346 with
1874 1308 2013 1346 notes.
2088 1303 2235 1358 Simla,

257 1377 613 1424 MDCCCLXX.
673 1376 797 1419 Unde
828 1376 873 1417 in
902 1375 1130 1419 Addendis
1161 1377 1370 1433 quaedam
1398 1376 1582 1434 apposui
1613 1377 1782 1432 (notata
1809 1375 1903 1419 Vis.
1925 1377 2046 1431 Aa).

370 1451 540 1494 Deinde
573 1450 816 1507 gratissimo
848 1449 989 1491 animo
1021 1450 1323 1506 prosequenda
1352 1456 1420 1493 est
1447 1450 1691 1492 humanitas
1723 1450 2015 1506 praeceptoris
2045 1449 2236 1492 dilectis·-

260 1526 356 1570 simi
388 1524 527 1568 Frid.
559 1525 688 1579 Aug.
720 1522 910 1574 Pottii,
943 1521 1015 1578 qui
1034 1522 1203 1578 roganti
1222 1523 1325 1565 mihi
1353 1538 1441 1565 non
1460 1523 1588 1566 modo
1618 1523 1693 1565 illa
1712 1523 1840 1576 misit,
1872 1537 1980 1578 quae
2009 1523 2063 1565 ad
2093 1523 2235 1579 ipsum

258 1599 472 1657 quondam
504 1597 795 1640 transmisisse
827 1609 873 1638 se
905 1593 1121 1637 scribebat
1148 1595 1209 1638 M.
1242 1595 1426 1649 Hertz,
1460 1602 1663 1652 excerpta
1694 1612 1745 1639 ex
1769 1595 1983 1639 Prisciani
2013 1596 2233 1639 codicibus

255 1670 531 1729 Leydensi
563 1669 683 1725 (Ld.)
716 1676 757 1712 et
787 1667 1242 1712 Carolisruhensi
1273 1668 1364 1724 (Pr.
1398 1669 1516 1725 Cn),
1557 1670 1633 1712 sed
1664 1669 1810 1723 etiam,
1855 1684 1963 1726 quae
1994 1669 2046 1712 de
2076 1669 2233 1724 glossis

260 1745 422 1790 codicis
450 1743 532 1786 Ld.
563 1743 609 1785 in
632 1741 904 1799 ephemeride
922 1740 1107 1784 Halensi
1138 1741 1276 1798 (Aug.
1300 1741 1713 1800 Literaturzeitung)
1744 1759 1781 1786 a.
1807 1744 1913 1786 1846
1943 1742 2233 1796 adnotaverat,

257 1836 336 1866 sua
364 1819 459 1875 ipse
489 1832 616 1860 manu
647 1816 785 1859 denuo
826 1813 1136 1872 transcripsit*

369 1890 600 1943 Nonnulla,
633 1904 742 1945 quae
775 1904 797 1932 e
826 1888 1016 1931 fontibus
1046 1888 1287 1945 purioribus
1317 1888 1486 1933 haurire
1517 1889 1749 1945 nequirem,
1781 1887 1926 1931 addidi
1958 1895 2043 1932 tam
2073 1903 2097 1932 e
2128 1903 2231 1946 sup-

256 1967 470 2024 plemento
503 1963 696 2019 (O'Don.
728 1960 912 2018 suppl.),
952 1975 1037 2018 quo
1068 1961 1138 2004 Io.
1171 1960 1489 2005 O'Donovan
1506 1961 1547 1984 *⁷⁸
1578 1962 1698 2004 auxit
1728 1961 1855 2004 lexici
1898 1961 1950 2005 ab
1982 1960 2232 2018 O’Reilly

258 2039 493 2096 conscripti
525 2037 758 2080 editionem
790 2037 966 2077 alteram
996 2034 1192 2090 (Dublin.
1230 2036 1358 2090 1864)
1390 2060 1443 2065 —-
1475 2050 1729 2092 quamquam
1759 2050 1844 2077 non
1876 2034 2013 2077 solum
2043 2034 2232 2091 qucdjn

254 2114 393 2158 fronte
422 2112 521 2155 libri
554 2110 721 2153 additur
747 2104 790 2151 ‘a
818 2124 912 2151 new
946 2108 1119 2161 edition,
1151 2107 1356 2165 carefully
1385 2109 1569 2162 revised,
1601 2108 1686 2152 and
1716 2102 1963 2162 corrected',
1990 2108 2230 2151 accuratius

254 2186 503 2245 inspicienti
533 2183 652 2226 brevi
683 2182 847 2239 patebit
883 2181 988 2223 nihil
1029 2195 1127 2224 esse
1157 2181 1241 2224 nisi
1274 2181 1482 2224 eiusmodi
1513 2182 1758 2233 artificium,
1802 2196 1857 2223 ne
1888 2181 2025 2224 dicam
2054 2181 2230 2224 menda-

260 2258 383 2311 cium,
417 2271 500 2313 quo
533 2256 676 2299 callidi
707 2263 834 2312 atque
868 2255 998 2298 astuti
1018 2255 1308 2312 redemptores
1340 2255 1539 2312 decipere
1571 2262 1778 2298 conentur
1807 2260 2019 2311 emptores
2039 2259 2227 2297 veterum

250 2330 453 2373 librorum
481 2335 745 2372 recoctorum
776 2343 827 2371 ac
849 2327 919 2370 vix
948 2334 1229 2382 recoctorum,
1259 2343 1406 2371 verum
1428 2329 1557 2371 etiam
1587 2328 1633 2370 in
1656 2328 1951 2385 supplemento
1982 2327 2079 2383 ipso
2098 2328 2230 2370 multa

250 2404 503 2460 praesertim
536 2418 558 2447 e
589 2401 882 2447 Grammatico.
911 2401 1079 2446 Celtica
1108 2408 1182 2445 aut
1211 2401 1365 2445 vitiose
1400 2408 1500 2444 sunt
1529 2402 1783 2459 deprompta
1812 2406 1885 2443 aut
1903 2400 2146 2443 inconsulte
2184 2425 2229 2432 -

342 2528 358 2545 ‘
391 2526 556 2572 Idemque
586 2528 659 2561 tam
683 2537 726 2560 ex
750 2525 855 2567 libro,
889 2527 948 2561 cui
971 2526 1190 2561 inscribitur-2
1227 2525 1537 2571 ‘Bussordnungen
1563 2525 1624 2561 der
1648 2523 1966 2560 abendlandischen
1989 2523 2106 2559 kirche
2127 2524 2230 2560 nebat

247 2585 346 2619 einer
370 2583 744 2627 weltgeschichtlichen
768 2582 971 2627 sinleitung,
994 2581 1274 2627 herausgegeben
1299 2592 1367 2617 vou
1394 2581 1803 2617 Wasserschleben.
1827 2581 1926 2615 Halle
1954 2580 2054 2615 1851’
2080 2592 2184 2627 quam
2209 2593 2228 2617 e

247 2641 428 2681 schedula,
460 2650 566 2684 quam
595 2639 707 2673 editor
742 2639 818 2673 libri
850 2639 918 2684 ipsi
951 2638 1031 2673 olim
1057 2639 1264 2680 tradiderat,
1295 2639 1440 2674 collecta
1464 2638 1632 2683 quaedam
1667 2638 1719 2672 vel
1744 2637 1921 2672 hibernica
1950 2637 2002 2671 vel
2029 2636 2228 2674 obscuriora

248 2696 402 2738 addidit,
433 2697 526 2731 unde
559 2696 644 2730 haec
667 2700 803 2739 repeto:
835 2697 884 2740 (p.
908 2697 984 2735 136)
1007 2693 1164 2730 canones
1189 2695 1423 2730 hibernenses.
1448 2714 1491 2721 --
1524 2694 1610 2729 (14.
1646 2695 1728 2728 haee
1750 2700 1800 2728 est
1820 2693 2028 2738 poenitentia
2052 2695 2143 2740 magi
2173 2696 2226 2729 vel

247 2754 355 2788 votivi
379 2753 460 2788 mali
484 2753 512 2787 si
540 2752 699 2787 credulus
726 2752 763 2785 id
786 2751 861 2786 dem
884 2750 1010 2795 erqacla
1034 2751 1085 2785 vel
1110 2753 1286 2796 praecoris
1312 2753 1365 2786 vel
1390 2752 1640 2787 cohabitatoris
1665 2751 1716 2785 vel
1742 2750 1883 2785 heretici
1906 2750 1958 2784 vel
1981 2750 2144 2786 adulterii
2161 2751 2226 2786 VII

247 2811 332 2846 anni
356 2811 394 2844 in
409 2819 500 2855 pane
523 2811 559 2844 et
576 2818 678 2852 aqua.
696 2827 738 2833 μ’
767 2811 813 2854 (p.
836 2811 913 2844 139)
936 2808 985 2842 De
1004 2808 1110 2843 erreis
1134 2808 1262 2853 incipit
1277 2809 1361 2851 (Do.
1388 2813 1547 2850 ‘av-mum,
1572 2808 1727 2842 remissio
1751 2817 1893 2852 poenae,
1917 2807 2137 2852 permutatio,
2162 2808 2224 2842 im-

249 2866 398 2902 minutio
423 2877 488 2900 vox
514 2864 594 2900 hib?
634 2876 680 2900 an
703 2864 946 2899 conserendum
973 2864 1043 2899 hib.
1071 2868 1136 2899 vet.
1161 2863 1309 2909 athrtye,
1335 2865 1518 2911 aithriye?)
1544 2884 1588 2890 —
1619 2863 1657 2898 G.
1684 2867 1713 2898 5.
1762 2864 1909 2898 Arreum
1940 2864 2025 2898 anui
2047 2863 2120 2898 XII
2152 2863 2225 2899 dies

231 2968 233 2971 ι
252 2926 288 2958 et
310 2926 429 2958 noctes
454 2932 558 2967 super
582 2921 653 2957 XII
678 2921 827 2955 burellos
853 2924 898 2962 (v.
916 2921 937 2956 l.
957 2921 1121 2964 bucellas)
1145 2921 1188 2956 de
1212 2922 1325 2956 tribus
1351 2922 1500 2966 panibus
1523 2921 1583 2964 qui
1599 2919 1798 2955 efficiuntur
1821 2920 1863 2954 de
1881 2920 1986 2955 tertia
2009 2922 2107 2964 parte
2123 2920 2228 2956 coaid

248 2978 314 3013 siir
339 2977 599 3022 thracho-(leg.
624 2977 696 3012 cuit
717 2974 960 3018 siresa-oscito,
997 2977 1129 3012 ratione
1154 2978 1247 3023 longi
1271 2977 1429 3020 isinum)
1468 2996 1511 3002 -—
1545 2979 1591 3022 (p.
1612 2980 1699 3018 140).
1738 2976 1774 3013 C.
1796 2981 1849 3012 10.
1882 2976 2023 3011 Arreum
2053 2977 2135 3013 anni
2158 2976 2224 3013 XL

247 3035 323 3070 dies
340 3035 452 3080 fordo
475 3033 594 3079 borft'it
620 3034 696 3077 (leg.
711 3032 911 3087 f0r5d⁰l1w'
935 3032 956 3066 7
975 3033 1035 3075 ich,
1060 3044 1164 3079 super
1187 3045 1279 3080 aqua
1303 3039 1339 3070 et
1355 3035 1466 3070 farre?
1491 3032 1687 3074 cf,d0britlz
1704 3033 1830 3075 Corm.)
1854 3035 1890 3067 et
1912 3034 2224 3078 superpossitiones

247 3091 314 3126 due
347 3091 458 3125 omnis
488 3091 686 3125 ebdomadis
712 3089 915 3131 §nummii
945 3092 981 3123 et
1004 3089 1175 3125 flectiones
1206 3093 1242 3125 et
1266 3092 1376 3126 oratio
1407 3091 1519 3125 omnis
1542 3090 1656 3125 horae.
1694 3109 1738 3115 ——
1776 3089 2009 3124 Memorabilia
2041 3093 2125 3124 sunt
2155 3090 2225 3125 duo

246 3148 387 3182 nomina
414 3147 556 3182 indubie
588 3143 785 3182 britannica
815 3148 853 3180 in
878 3146 950 3180 his:
992 3147 1161 3182 ‘Arbedoe
1184 3149 1330 3183 clericus
1359 3148 1433 3192 ipse
1458 3148 1520 3182 has
1545 3146 1762 3181 collectiones
1788 3146 1995 3190 conscripsit
2017 3146 2223 3192 lacinionese

247 3204 512 3249 conscriptionis
536 3203 743 3239 haelImmR
760 3204 893 3238 Abbace
909 3202 1142 3246 dispensante,
1167 3215 1254 3249 quas
1278 3204 1320 3239 de
1336 3204 1415 3240 scis.
1440 3203 1620 3248 scripturis
1637 3206 1706 3247 atq.
1725 3212 1765 3236 ex
1785 3202 1911 3236 divinis
1928 3201 2083 3236 fontibus
2106 3203 2160 3237 hic
2184 3204 2223 3239 in

247 3261 311 3295 boe
336 3262 453 3295 codiee
476 3261 655 3306 glomerati
688 3263 771 3294 sunt
793 3260 866 3294 sive
889 3259 1013 3294 aetiam
1038 3260 1080 3294 de
1107 3261 1246 3295 decreta
1269 3270 1338 3297 sca.
1363 3263 1479 3306 patres
1510 3259 1622 3294 sinodi
1645 3260 1723 3304 quia
1752 3260 1790 3294 in
1814 3259 1958 3294 diversis
1981 3259 2144 3303 gentibus
2167 3259 2222 3294 ‘vel

247 3318 376 3363 linguis
401 3316 689 3353 construxerunt:

339 3374 374 3392 ⁰
409 3374 510 3408 cuius
540 3385 665 3408 nomen
694 3374 753 3409 ubi
790 3376 968 3418 praeterea
997 3373 1161 3418 apposui,
1199 3382 1335 3417 semper
1372 3373 1525 3408 eiusdem
1555 3373 1811 3417 grammaticam
1849 3372 1987 3418 linguae
2027 3372 2222 3407 hibernicae

246 3432 411 3477 spectavi.
