<?xml version="1.0" encoding="UTF-8"?>
<!DOCTYPE html PUBLIC "-//W3C//DTD XHTML 1.0 Transitional//EN"
    "http://www.w3.org/TR/xhtml1/DTD/xhtml1-transitional.dtd">
<html xmlns="http://www.w3.org/1999/xhtml" xml:lang="en" lang="en">
 <head>
  <title>
</title>
<meta http-equiv="Content-Type" content="text/html;charset=utf-8" />
  <meta name='ocr-system' content='tesseract 3.04.00' />
  <meta name='ocr-capabilities' content='ocr_page ocr_carea ocr_par ocr_line ocrx_word'/>
</head>
<body>
  <div class='ocr_page' id='page_1' title='image "./grammaticaceltic00zeusuoft_0101.png"; bbox 0 0 2336 3736; ppageno 0'>
   <div class='ocr_carea' id='block_1_1' title="bbox 724 216 2046 273">
    <p class='ocr_par' dir='ltr' id='par_1_1' title="bbox 724 216 2046 273">
     <span class='ocr_line' id='line_1_1' title="bbox 724 216 2046 273; baseline -0.007 -7"><span class='ocrx_word' id='word_1_1' title='bbox 724 224 759 266; x_wconf 89' lang='grc' dir='ltr'>Ι.</span> <span class='ocrx_word' id='word_1_2' title='bbox 794 225 829 267; x_wconf 88' lang='grc'>1.</span> <span class='ocrx_word' id='word_1_3' title='bbox 873 234 1061 273; x_wconf 60' lang='lat' dir='ltr'>mmmm</span> <span class='ocrx_word' id='word_1_4' title='bbox 1080 234 1121 265; x_wconf 72' lang='lat' dir='ltr'>N</span> <span class='ocrx_word' id='word_1_5' title='bbox 1149 234 1407 267; x_wconf 62' lang='lat' dir='ltr'>mensium.</span> <span class='ocrx_word' id='word_1_6' title='bbox 1806 218 1874 258; x_wconf 79' lang='grc'><strong>(53-</strong></span> <span class='ocrx_word' id='word_1_7' title='bbox 1892 217 1948 258; x_wconf 75' lang='grc'>54)</span> <span class='ocrx_word' id='word_1_8' title='bbox 1991 216 2046 258; x_wconf 83' lang='grc'>43</span> 
     </span>
    </p>
   </div>
   <div class='ocr_carea' id='block_1_2' title="bbox 80 340 2069 3444">
    <p class='ocr_par' dir='ltr' id='par_1_2' title="bbox 92 340 2049 594">
     <span class='ocr_line' id='line_1_2' title="bbox 204 340 2049 403; baseline -0.007 -10"><span class='ocrx_word' id='word_1_9' title='bbox 204 349 266 393; x_wconf 75' lang='lat' dir='ltr'>Ut</span> <span class='ocrx_word' id='word_1_10' title='bbox 295 356 392 392; x_wconf 81' lang='lat' dir='ltr'>ante</span> <span class='ocrx_word' id='word_1_11' title='bbox 427 355 577 391; x_wconf 83' lang='lat' dir='ltr'>tenues</span> <span class='ocrx_word' id='word_1_12' title='bbox 614 353 657 389; x_wconf 87' lang='lat' dir='ltr'>et</span> <span class='ocrx_word' id='word_1_13' title='bbox 685 346 896 403; x_wconf 79' lang='lat' dir='ltr'><strong>spirantes</strong></span> <span class='ocrx_word' id='word_1_14' title='bbox 929 345 1172 401; x_wconf 78' lang='lat' dir='ltr'>reprimitur</span> <span class='ocrx_word' id='word_1_15' title='bbox 1210 345 1372 402; x_wconf 86' lang='lat' dir='ltr'>liquida</span> <span class='ocrx_word' id='word_1_16' title='bbox 1399 359 1445 391; x_wconf 73' lang='lat' dir='ltr'>n,</span> <span class='ocrx_word' id='word_1_17' title='bbox 1484 342 1542 383; x_wconf 84' lang='lat' dir='ltr'>ita</span> <span class='ocrx_word' id='word_1_18' title='bbox 1572 347 1668 384; x_wconf 86' lang='lat' dir='ltr'>ante</span> <span class='ocrx_word' id='word_1_19' title='bbox 1697 340 1858 382; x_wconf 88' lang='lat' dir='ltr'>medias</span> <span class='ocrx_word' id='word_1_20' title='bbox 1893 354 1921 395; x_wconf 77' lang='lat'><em>9</em></span> <span class='ocrx_word' id='word_1_21' title='bbox 1952 345 2001 384; x_wconf 68' lang='lat' dir='ltr'>et,</span> <span class='ocrx_word' id='word_1_22' title='bbox 2020 340 2049 380; x_wconf 81' lang='lat' dir='ltr'><em>d</em></span> 
     </span>
     <span class='ocr_line' id='line_1_3' title="bbox 92 406 2047 469; baseline -0.008 -8"><span class='ocrx_word' id='word_1_23' title='bbox 92 434 179 461; x_wconf 89' lang='lat' dir='ltr'>non</span> <span class='ocrx_word' id='word_1_24' title='bbox 208 417 344 461; x_wconf 87' lang='lat' dir='ltr'>solum</span> <span class='ocrx_word' id='word_1_25' title='bbox 386 420 577 459; x_wconf 81' lang='lat' dir='ltr'>servatur</span> <span class='ocrx_word' id='word_1_26' title='bbox 614 414 688 469; x_wconf 85' lang='lat' dir='ltr'>(ut</span> <span class='ocrx_word' id='word_1_27' title='bbox 718 429 756 454; x_wconf 86' lang='lat' dir='ltr'>m</span> <span class='ocrx_word' id='word_1_28' title='bbox 786 419 884 455; x_wconf 81' lang='lat' dir='ltr'>ante</span> <span class='ocrx_word' id='word_1_29' title='bbox 913 411 974 468; x_wconf 79' lang='lat' dir='ltr'>b),</span> <span class='ocrx_word' id='word_1_30' title='bbox 1014 412 1091 456; x_wconf 83' lang='lat' dir='ltr'>sed</span> <span class='ocrx_word' id='word_1_31' title='bbox 1121 412 1246 454; x_wconf 87' lang='lat' dir='ltr'>etiam</span> <span class='ocrx_word' id='word_1_32' title='bbox 1282 412 1498 468; x_wconf 82' lang='lat' dir='ltr'>praevalet</span> <span class='ocrx_word' id='word_1_33' title='bbox 1534 409 1579 450; x_wconf 86' lang='lat' dir='ltr'>in</span> <span class='ocrx_word' id='word_1_34' title='bbox 1616 407 1928 450; x_wconf 80' lang='lat' dir='ltr'>combinatione</span> <span class='ocrx_word' id='word_1_35' title='bbox 1964 406 2047 448; x_wconf 89' lang='lat' dir='ltr'>ND</span> 
     </span>
     <span class='ocr_line' id='line_1_4' title="bbox 93 473 2048 540; baseline -0.006 -13"><span class='ocrx_word' id='word_1_36' title='bbox 93 485 161 540; x_wconf 88' lang='lat' dir='ltr'>(ut</span> <span class='ocrx_word' id='word_1_37' title='bbox 180 499 223 525; x_wconf 81' lang='lat' dir='ltr'>m</span> <span class='ocrx_word' id='word_1_38' title='bbox 250 485 295 526; x_wconf 89' lang='lat' dir='ltr'>in</span> <span class='ocrx_word' id='word_1_39' title='bbox 315 482 626 526; x_wconf 73' lang='lat' dir='ltr'>combinatione</span> <span class='ocrx_word' id='word_1_40' title='bbox 655 481 742 536; x_wconf 77' lang='lat' dir='ltr'>mh)</span> <span class='ocrx_word' id='word_1_41' title='bbox 772 481 878 522; x_wconf 85' lang='lat' dir='ltr'>adeo</span> <span class='ocrx_word' id='word_1_42' title='bbox 908 485 953 521; x_wconf 91' lang='lat' dir='ltr'>ut</span> <span class='ocrx_word' id='word_1_43' title='bbox 982 479 1163 521; x_wconf 87' lang='lat' dir='ltr'>mediam</span> <span class='ocrx_word' id='word_1_44' title='bbox 1194 479 1426 522; x_wconf 75' lang='lat' dir='ltr'>assimilare</span> <span class='ocrx_word' id='word_1_45' title='bbox 1457 477 1611 529; x_wconf 79' lang='lat' dir='ltr'>soleat3</span> <span class='ocrx_word' id='word_1_46' title='bbox 1641 476 1858 517; x_wconf 86' lang='lat' dir='ltr'>immutata</span> <span class='ocrx_word' id='word_1_47' title='bbox 1882 473 2048 527; x_wconf 83' lang='lat' dir='ltr'>litteris,</span> 
     </span>
     <span class='ocr_line' id='line_1_5' title="bbox 92 548 599 594; baseline -0.01 0"><span class='ocrx_word' id='word_1_48' title='bbox 92 551 168 594; x_wconf 78' lang='lat' dir='ltr'>vix</span> <span class='ocrx_word' id='word_1_49' title='bbox 198 566 304 593; x_wconf 83' lang='lat' dir='ltr'>sono</span> <span class='ocrx_word' id='word_1_50' title='bbox 334 556 475 592; x_wconf 79' lang='lat' dir='ltr'>manet</span> <span class='ocrx_word' id='word_1_51' title='bbox 502 548 599 591; x_wconf 81' lang='lat' dir='ltr'>NG.</span> 
     </span>
    </p>

    <p class='ocr_par' dir='ltr' id='par_1_3' title="bbox 91 610 2054 1143">
     <span class='ocr_line' id='line_1_6' title="bbox 206 610 2049 669; baseline -0.005 -9"><span class='ocrx_word' id='word_1_52' title='bbox 206 619 246 660; x_wconf 78' lang='lat'>2.</span> <span class='ocrx_word' id='word_1_53' title='bbox 289 617 408 660; x_wconf 86' lang='lat' dir='ltr'>Perit</span> <span class='ocrx_word' id='word_1_54' title='bbox 435 632 463 656; x_wconf 74' lang='lat' dir='ltr'>n</span> <span class='ocrx_word' id='word_1_55' title='bbox 500 615 731 657; x_wconf 82' lang='lat' dir='ltr'>terminalis</span> <span class='ocrx_word' id='word_1_56' title='bbox 761 614 1008 666; x_wconf 85' lang='lat' dir='ltr'>flexionum,</span> <span class='ocrx_word' id='word_1_57' title='bbox 1049 614 1368 669; x_wconf 83' lang='lat' dir='ltr'>particularum,</span> <span class='ocrx_word' id='word_1_58' title='bbox 1407 612 1683 654; x_wconf 76' lang='lat' dir='ltr'>numeralium</span> <span class='ocrx_word' id='word_1_59' title='bbox 1715 610 1975 667; x_wconf 80' lang='lat' dir='ltr'>quorundam</span> <span class='ocrx_word' id='word_1_60' title='bbox 2004 610 2049 651; x_wconf 91' lang='lat' dir='ltr'>in</span> 
     </span>
     <span class='ocr_line' id='line_1_7' title="bbox 97 677 2046 741; baseline -0.005 -13"><span class='ocrx_word' id='word_1_61' title='bbox 97 685 245 728; x_wconf 86' lang='lat' dir='ltr'>eadem</span> <span class='ocrx_word' id='word_1_62' title='bbox 272 684 506 741; x_wconf 75' lang='lat' dir='ltr'>positione,</span> <span class='ocrx_word' id='word_1_63' title='bbox 539 689 636 725; x_wconf 81' lang='lat' dir='ltr'>ante</span> <span class='ocrx_word' id='word_1_64' title='bbox 664 688 814 723; x_wconf 84' lang='lat' dir='ltr'>tenues</span> <span class='ocrx_word' id='word_1_65' title='bbox 844 687 971 736; x_wconf 78' lang='lat' dir='ltr'>atque</span> <span class='ocrx_word' id='word_1_66' title='bbox 1000 696 1018 721; x_wconf 74' lang='grc'><em>8</em></span> <span class='ocrx_word' id='word_1_67' title='bbox 1049 687 1091 723; x_wconf 88' lang='lat' dir='ltr'>et</span> <span class='ocrx_word' id='word_1_68' title='bbox 1109 682 1145 735; x_wconf 85' lang='lat' dir='ltr'><strong><em>f</em></strong></span> <span class='ocrx_word' id='word_1_69' title='bbox 1170 681 1258 735; x_wconf 85' lang='lat' dir='ltr'>(vel</span> <span class='ocrx_word' id='word_1_70' title='bbox 1281 682 1303 721; x_wconf 86' lang='lat' dir='ltr'><em>b</em></span> <span class='ocrx_word' id='word_1_71' title='bbox 1331 681 1572 736; x_wconf 76' lang='lat' dir='ltr'>inscctam),</span> <span class='ocrx_word' id='word_1_72' title='bbox 1604 695 1629 720; x_wconf 88' lang='lat' dir='ltr'>a</span> <span class='ocrx_word' id='word_1_73' title='bbox 1660 679 1811 735; x_wconf 85' lang='lat' dir='ltr'>quibus</span> <span class='ocrx_word' id='word_1_74' title='bbox 1842 677 2046 732; x_wconf 69' lang='lat' dir='ltr'>incipiunt</span> 
     </span>
     <span class='ocr_line' id='line_1_8' title="bbox 92 746 2048 807; baseline -0.005 -12"><span class='ocrx_word' id='word_1_75' title='bbox 92 758 319 807; x_wconf 85' lang='lat' dir='ltr'>sequentes</span> <span class='ocrx_word' id='word_1_76' title='bbox 348 766 491 793; x_wconf 85' lang='lat' dir='ltr'>voces.</span> <span class='ocrx_word' id='word_1_77' title='bbox 532 750 694 792; x_wconf 84' lang='lat' dir='ltr'>Eadem</span> <span class='ocrx_word' id='word_1_78' title='bbox 713 749 874 805; x_wconf 85' lang='lat' dir='ltr'>liquida</span> <span class='ocrx_word' id='word_1_79' title='bbox 904 756 1095 791; x_wconf 81' lang='lat' dir='ltr'>servatur</span> <span class='ocrx_word' id='word_1_80' title='bbox 1124 755 1221 791; x_wconf 78' lang='lat' dir='ltr'>ante</span> <span class='ocrx_word' id='word_1_81' title='bbox 1251 750 1422 791; x_wconf 80' lang='lat' dir='ltr'>vocales</span> <span class='ocrx_word' id='word_1_82' title='bbox 1454 754 1495 790; x_wconf 87' lang='lat' dir='ltr'>et</span> <span class='ocrx_word' id='word_1_83' title='bbox 1523 747 1703 789; x_wconf 86' lang='lat' dir='ltr'>mediam</span> <span class='ocrx_word' id='word_1_84' title='bbox 1732 746 1772 798; x_wconf 78' lang='lat' dir='ltr'>cl,</span> <span class='ocrx_word' id='word_1_85' title='bbox 1804 746 1852 785; x_wconf 89' lang='lat' dir='ltr'>fit</span> <span class='ocrx_word' id='word_1_86' title='bbox 1881 760 1919 785; x_wconf 74' lang='lat' dir='ltr'>m</span> <span class='ocrx_word' id='word_1_87' title='bbox 1951 753 2048 786; x_wconf 80' lang='lat' dir='ltr'>ante</span> 
     </span>
     <span class='ocr_line' id='line_1_9' title="bbox 96 810 2051 872; baseline -0.003 -12"><span class='ocrx_word' id='word_1_88' title='bbox 96 818 138 871; x_wconf 74' lang='lat' dir='ltr'>b,</span> <span class='ocrx_word' id='word_1_89' title='bbox 170 818 427 861; x_wconf 80' lang='lat' dir='ltr'>assimilatur</span> <span class='ocrx_word' id='word_1_90' title='bbox 457 825 554 860; x_wconf 81' lang='lat' dir='ltr'>ante</span> <span class='ocrx_word' id='word_1_91' title='bbox 583 831 729 859; x_wconf 86' lang='lat' dir='ltr'>omnes</span> <span class='ocrx_word' id='word_1_92' title='bbox 759 816 944 872; x_wconf 89' lang='lat' dir='ltr'>liquidas</span> <span class='ocrx_word' id='word_1_93' title='bbox 977 817 1241 872; x_wconf 83' lang='lat' dir='ltr'>plerumque,</span> <span class='ocrx_word' id='word_1_94' title='bbox 1279 832 1366 858; x_wconf 89' lang='lat' dir='ltr'>non</span> <span class='ocrx_word' id='word_1_95' title='bbox 1393 822 1533 858; x_wconf 82' lang='lat' dir='ltr'>tamen</span> <span class='ocrx_word' id='word_1_96' title='bbox 1561 828 1739 868; x_wconf 83' lang='lat' dir='ltr'>semper.</span> <span class='ocrx_word' id='word_1_97' title='bbox 1808 810 1896 864; x_wconf 81' lang='lat' dir='ltr'>Qui</span> <span class='ocrx_word' id='word_1_98' title='bbox 1927 826 2051 865; x_wconf 83' lang='lat' dir='ltr'>casus</span> 
     </span>
     <span class='ocr_line' id='line_1_10' title="bbox 94 880 2048 940; baseline -0.003 -12"><span class='ocrx_word' id='word_1_99' title='bbox 94 903 121 928; x_wconf 65' lang='grc' dir='ltr'>σε</span> <span class='ocrx_word' id='word_1_100' title='bbox 150 886 411 929; x_wconf 78' lang='lat' dir='ltr'>terminalem</span> <span class='ocrx_word' id='word_1_101' title='bbox 439 886 519 928; x_wconf 87' lang='lat' dir='ltr'>hac</span> <span class='ocrx_word' id='word_1_102' title='bbox 548 885 710 927; x_wconf 86' lang='lat' dir='ltr'>ratione</span> <span class='ocrx_word' id='word_1_103' title='bbox 736 883 941 936; x_wconf 81' lang='lat' dir='ltr'>amittunt,</span> <span class='ocrx_word' id='word_1_104' title='bbox 974 890 1072 926; x_wconf 87' lang='lat' dir='ltr'>sunt</span> <span class='ocrx_word' id='word_1_105' title='bbox 1102 899 1190 926; x_wconf 83' lang='lat' dir='ltr'>acc.</span> <span class='ocrx_word' id='word_1_106' title='bbox 1223 885 1331 940; x_wconf 82' lang='lat' dir='ltr'>sing.</span> <span class='ocrx_word' id='word_1_107' title='bbox 1363 888 1405 924; x_wconf 90' lang='lat' dir='ltr'>et</span> <span class='ocrx_word' id='word_1_108' title='bbox 1433 897 1528 938; x_wconf 86' lang='lat' dir='ltr'>gen.</span> <span class='ocrx_word' id='word_1_109' title='bbox 1559 881 1666 936; x_wconf 87' lang='lat' dir='ltr'>plur.</span> <span class='ocrx_word' id='word_1_110' title='bbox 1701 880 1888 923; x_wconf 81' lang='lat' dir='ltr'>cuiusvis</span> <span class='ocrx_word' id='word_1_111' title='bbox 1920 895 2048 936; x_wconf 79' lang='lat' dir='ltr'>gene-</span> 
     </span>
     <span class='ocr_line' id='line_1_11' title="bbox 93 946 2054 1009; baseline -0.003 -13"><span class='ocrx_word' id='word_1_112' title='bbox 93 954 152 996; x_wconf 85' lang='lat' dir='ltr'>ris</span> <span class='ocrx_word' id='word_1_113' title='bbox 183 968 234 996; x_wconf 84' lang='lat' dir='ltr'>ac</span> <span class='ocrx_word' id='word_1_114' title='bbox 262 968 372 996; x_wconf 87' lang='lat' dir='ltr'>nom.</span> <span class='ocrx_word' id='word_1_115' title='bbox 405 953 514 1009; x_wconf 83' lang='lat' dir='ltr'>sing.</span> <span class='ocrx_word' id='word_1_116' title='bbox 545 958 679 994; x_wconf 89' lang='lat' dir='ltr'>neutr.</span> <span class='ocrx_word' id='word_1_117' title='bbox 710 952 923 995; x_wconf 87' lang='lat' dir='ltr'>nominum</span> <span class='ocrx_word' id='word_1_118' title='bbox 957 951 1152 1005; x_wconf 85' lang='lat' dir='ltr'>omnium,</span> <span class='ocrx_word' id='word_1_119' title='bbox 1182 951 1477 1008; x_wconf 81' lang='lat' dir='ltr'>pronominum</span> <span class='ocrx_word' id='word_1_120' title='bbox 1506 949 1815 1005; x_wconf 80' lang='lat' dir='ltr'>plerorumque.</span> <span class='ocrx_word' id='word_1_121' title='bbox 1882 946 1970 991; x_wconf 85' lang='lat' dir='ltr'>Sed</span> <span class='ocrx_word' id='word_1_122' title='bbox 2008 949 2054 990; x_wconf 89' lang='lat' dir='ltr'>in</span> 
     </span>
     <span class='ocr_line' id='line_1_12' title="bbox 91 1014 2052 1075; baseline -0.003 -11"><span class='ocrx_word' id='word_1_123' title='bbox 91 1014 334 1064; x_wconf 75' lang='lat' dir='ltr'>nominibus</span> <span class='ocrx_word' id='word_1_124' title='bbox 362 1034 667 1075; x_wconf 85' lang='lat' dir='ltr'>nonnunquam</span> <span class='ocrx_word' id='word_1_125' title='bbox 696 1019 877 1062; x_wconf 83' lang='lat' dir='ltr'>defectio</span> <span class='ocrx_word' id='word_1_126' title='bbox 909 1034 1124 1061; x_wconf 78' lang='lat' dir='ltr'>consonae</span> <span class='ocrx_word' id='word_1_127' title='bbox 1158 1020 1315 1061; x_wconf 85' lang='lat' dir='ltr'>iustum</span> <span class='ocrx_word' id='word_1_128' title='bbox 1344 1019 1513 1060; x_wconf 76' lang='lat' dir='ltr'>moduni.</span> <span class='ocrx_word' id='word_1_129' title='bbox 1543 1016 1729 1058; x_wconf 76' lang='lat' dir='ltr'>excessit</span> <span class='ocrx_word' id='word_1_130' title='bbox 1758 1015 1802 1056; x_wconf 92' lang='lat' dir='ltr'>in</span> <span class='ocrx_word' id='word_1_131' title='bbox 1834 1015 2052 1058; x_wconf 77' lang='lat' dir='ltr'>codicibus</span> 
     </span>
     <span class='ocr_line' id='line_1_13' title="bbox 91 1083 2032 1143; baseline -0.003 -12"><span class='ocrx_word' id='word_1_132' title='bbox 91 1089 273 1140; x_wconf 72' lang='lat' dir='ltr'>nostris3</span> <span class='ocrx_word' id='word_1_133' title='bbox 304 1094 461 1130; x_wconf 87' lang='lat' dir='ltr'>certam</span> <span class='ocrx_word' id='word_1_134' title='bbox 489 1087 677 1143; x_wconf 84' lang='lat' dir='ltr'>regulam</span> <span class='ocrx_word' id='word_1_135' title='bbox 706 1087 840 1142; x_wconf 83' lang='lat' dir='ltr'>magis</span> <span class='ocrx_word' id='word_1_136' title='bbox 872 1093 1042 1129; x_wconf 85' lang='lat' dir='ltr'>servant</span> <span class='ocrx_word' id='word_1_137' title='bbox 1069 1087 1332 1142; x_wconf 76' lang='lat' dir='ltr'>pronomina,</span> <span class='ocrx_word' id='word_1_138' title='bbox 1364 1084 1608 1142; x_wconf 74' lang='lat' dir='ltr'>particulae,</span> <span class='ocrx_word' id='word_1_139' title='bbox 1639 1083 1874 1125; x_wconf 84' lang='lat' dir='ltr'>numeralia</span> <span class='ocrx_word' id='word_1_140' title='bbox 1900 1083 2032 1125; x_wconf 85' lang='lat' dir='ltr'>haec:</span> 
     </span>
    </p>

    <p class='ocr_par' dir='ltr' id='par_1_4' title="bbox 93 1151 2059 1888">
     <span class='ocr_line' id='line_1_14' title="bbox 206 1151 2051 1210; baseline -0.003 -11"><span class='ocrx_word' id='word_1_141' title='bbox 206 1156 254 1210; x_wconf 85' lang='lat' dir='ltr'>a)</span> <span class='ocrx_word' id='word_1_142' title='bbox 283 1156 469 1198; x_wconf 82' lang='lat' dir='ltr'>Articuli</span> <span class='ocrx_word' id='word_1_143' title='bbox 496 1170 607 1198; x_wconf 90' lang='lat' dir='ltr'>nom.</span> <span class='ocrx_word' id='word_1_144' title='bbox 639 1169 727 1196; x_wconf 80' lang='lat' dir='ltr'>acc.</span> <span class='ocrx_word' id='word_1_145' title='bbox 760 1154 867 1210; x_wconf 84' lang='lat' dir='ltr'>sing.</span> <span class='ocrx_word' id='word_1_146' title='bbox 899 1155 1075 1209; x_wconf 81' lang='lat' dir='ltr'>generis</span> <span class='ocrx_word' id='word_1_147' title='bbox 1098 1154 1235 1196; x_wconf 78' lang='lat' dir='ltr'>neutri</span> <span class='ocrx_word' id='word_1_148' title='bbox 1257 1154 1352 1206; x_wconf 80' lang='lat' dir='ltr'>AN,</span> <span class='ocrx_word' id='word_1_149' title='bbox 1386 1159 1426 1195; x_wconf 87' lang='lat' dir='ltr'>et</span> <span class='ocrx_word' id='word_1_150' title='bbox 1448 1160 1586 1208; x_wconf 83' lang='lat' dir='ltr'>genet.</span> <span class='ocrx_word' id='word_1_151' title='bbox 1619 1152 1725 1208; x_wconf 87' lang='lat' dir='ltr'>plur.</span> <span class='ocrx_word' id='word_1_152' title='bbox 1758 1151 1948 1194; x_wconf 86' lang='lat' dir='ltr'>cuiusvis</span> <span class='ocrx_word' id='word_1_153' title='bbox 1978 1167 2051 1207; x_wconf 83' lang='lat' dir='ltr'>ge-</span> 
     </span>
     <span class='ocr_line' id='line_1_15' title="bbox 93 1210 2057 1267; baseline -0.003 -1"><span class='ocrx_word' id='word_1_154' title='bbox 93 1223 210 1267; x_wconf 87' lang='lat' dir='ltr'>neris</span> <span class='ocrx_word' id='word_1_155' title='bbox 240 1223 434 1266; x_wconf 86' lang='lat' dir='ltr'>INNAN</span> <span class='ocrx_word' id='word_1_156' title='bbox 463 1223 533 1265; x_wconf 87' lang='lat' dir='ltr'>vel</span> <span class='ocrx_word' id='word_1_157' title='bbox 562 1222 699 1264; x_wconf 87' lang='lat' dir='ltr'>NAN.</span> <span class='ocrx_word' id='word_1_158' title='bbox 767 1221 946 1263; x_wconf 79' lang='lat' dir='ltr'>Formae</span> <span class='ocrx_word' id='word_1_159' title='bbox 985 1210 1177 1263; x_wconf 51' lang='lat' dir='ltr'>servatae</span> <span class='ocrx_word' id='word_1_160' title='bbox 1217 1228 1313 1263; x_wconf 78' lang='lat' dir='ltr'>ante</span> <span class='ocrx_word' id='word_1_161' title='bbox 1344 1221 1513 1263; x_wconf 84' lang='lat' dir='ltr'>vocales</span> <span class='ocrx_word' id='word_1_162' title='bbox 1554 1227 1595 1263; x_wconf 85' lang='lat' dir='ltr'>et</span> <span class='ocrx_word' id='word_1_163' title='bbox 1623 1221 1809 1263; x_wconf 87' lang='lat' dir='ltr'>medias:</span> <span class='ocrx_word' id='word_1_164' title='bbox 1850 1218 2057 1260; x_wconf 65' lang='lat' dir='ltr'>aninzdibe</span> 
     </span>
     <span class='ocr_line' id='line_1_16' title="bbox 95 1288 2055 1346; baseline -0.003 -13"><span class='ocrx_word' id='word_1_165' title='bbox 95 1290 425 1346; x_wconf 85' lang='lat' dir='ltr'>(circumcisio),</span> <span class='ocrx_word' id='word_1_166' title='bbox 463 1290 659 1345; x_wconf 67' lang='lat' dir='ltr'>andliyed</span> <span class='ocrx_word' id='word_1_167' title='bbox 687 1289 820 1344; x_wconf 79' lang='lat' dir='ltr'>(lex),</span> <span class='ocrx_word' id='word_1_168' title='bbox 861 1289 995 1343; x_wconf 67' lang='lat' dir='ltr'>areyne‘</span> <span class='ocrx_word' id='word_1_169' title='bbox 1025 1288 1214 1343; x_wconf 73' lang='lat' dir='ltr'>(forma);</span> <span class='ocrx_word' id='word_1_170' title='bbox 1256 1290 1384 1329; x_wconf 54' lang='lat' dir='ltr'>[sanan</span> <span class='ocrx_word' id='word_1_171' title='bbox 1419 1289 1542 1329; x_wconf 55' lang='lat' dir='ltr'>deside</span> <span class='ocrx_word' id='word_1_172' title='bbox 1580 1288 1880 1343; x_wconf 86' lang='lat' dir='ltr'>(auditorum),</span> <span class='ocrx_word' id='word_1_173' title='bbox 1922 1288 2055 1332; x_wconf 72' lang='lat' dir='ltr'>innan</span> 
     </span>
     <span class='ocr_line' id='line_1_17' title="bbox 95 1346 2050 1413; baseline -0.003 -13"><span class='ocrx_word' id='word_1_174' title='bbox 95 1359 220 1412; x_wconf 78' lang='lat' dir='ltr'>cla&#39;ne,</span> <span class='ocrx_word' id='word_1_175' title='bbox 251 1375 336 1401; x_wconf 78' lang='lat' dir='ltr'>mm</span> <span class='ocrx_word' id='word_1_176' title='bbox 368 1359 474 1400; x_wconf 71' lang='lat' dir='ltr'>deine</span> <span class='ocrx_word' id='word_1_177' title='bbox 509 1357 767 1413; x_wconf 86' lang='lat' dir='ltr'>(donorum).</span> <span class='ocrx_word' id='word_1_178' title='bbox 827 1357 868 1399; x_wconf 92' lang='lat' dir='ltr'>N</span> <span class='ocrx_word' id='word_1_179' title='bbox 906 1371 1088 1399; x_wconf 80' lang='lat' dir='ltr'>excussa</span> <span class='ocrx_word' id='word_1_180' title='bbox 1116 1356 1184 1397; x_wconf 88' lang='lat' dir='ltr'>vel</span> <span class='ocrx_word' id='word_1_181' title='bbox 1215 1356 1448 1398; x_wconf 76' lang='lat' dir='ltr'>assimilata</span> <span class='ocrx_word' id='word_1_182' title='bbox 1477 1361 1574 1397; x_wconf 89' lang='lat' dir='ltr'>ante</span> <span class='ocrx_word' id='word_1_183' title='bbox 1604 1371 1634 1407; x_wconf 70' lang='lat' dir='ltr'>s,</span> <span class='ocrx_word' id='word_1_184' title='bbox 1663 1355 1697 1408; x_wconf 81' lang='lat' dir='ltr'>f,</span> <span class='ocrx_word' id='word_1_185' title='bbox 1731 1355 1766 1408; x_wconf 85' lang='lat' dir='ltr'>b,</span> <span class='ocrx_word' id='word_1_186' title='bbox 1798 1363 1948 1398; x_wconf 83' lang='lat' dir='ltr'>tenues</span> <span class='ocrx_word' id='word_1_187' title='bbox 1981 1346 2050 1396; x_wconf 78' lang='lat' dir='ltr'>vel</span> 
     </span>
     <span class='ocr_line' id='line_1_18' title="bbox 97 1420 2058 1484; baseline -0.004 -15"><span class='ocrx_word' id='word_1_188' title='bbox 97 1426 303 1484; x_wconf 75' lang='lat' dir='ltr'>liquidas:</span> <span class='ocrx_word' id='word_1_189' title='bbox 336 1427 418 1468; x_wconf 68' lang='lat' dir='ltr'>atlr</span> <span class='ocrx_word' id='word_1_190' title='bbox 448 1425 620 1482; x_wconf 84' lang='lat' dir='ltr'>(regio),</span> <span class='ocrx_word' id='word_1_191' title='bbox 652 1426 868 1466; x_wconf 70' lang='lat' dir='ltr'>acetlmrde</span> <span class='ocrx_word' id='word_1_192' title='bbox 898 1423 1138 1480; x_wconf 83' lang='lat' dir='ltr'>(quatuor),</span> <span class='ocrx_word' id='word_1_193' title='bbox 1171 1423 1387 1476; x_wconf 62' lang='lat' dir='ltr'>afiadm&#39;sse</span> <span class='ocrx_word' id='word_1_194' title='bbox 1417 1422 1764 1478; x_wconf 81' lang='lat' dir='ltr'>(testimonium),</span> <span class='ocrx_word' id='word_1_195' title='bbox 1796 1422 1901 1463; x_wconf 70' lang='lat' dir='ltr'>asce&#39;c</span> <span class='ocrx_word' id='word_1_196' title='bbox 1930 1420 2058 1475; x_wconf 88' lang='lat' dir='ltr'>(nun-</span> 
     </span>
     <span class='ocr_line' id='line_1_19' title="bbox 93 1489 2059 1549; baseline -0.004 -13"><span class='ocrx_word' id='word_1_197' title='bbox 93 1493 213 1549; x_wconf 71' lang='lat' dir='ltr'>tius),</span> <span class='ocrx_word' id='word_1_198' title='bbox 244 1494 352 1536; x_wconf 75' lang='lat' dir='ltr'>allae</span> <span class='ocrx_word' id='word_1_199' title='bbox 381 1494 536 1549; x_wconf 85' lang='lat' dir='ltr'>(dies);</span> <span class='ocrx_word' id='word_1_200' title='bbox 567 1509 623 1541; x_wconf 73' lang='grc' dir='ltr'>πᾳ</span> <span class='ocrx_word' id='word_1_201' title='bbox 646 1506 799 1547; x_wconf 68' lang='lat' dir='ltr'>person</span> <span class='ocrx_word' id='word_1_202' title='bbox 830 1491 1168 1547; x_wconf 75' lang='lat' dir='ltr'>(personarum),</span> <span class='ocrx_word' id='word_1_203' title='bbox 1199 1492 1301 1532; x_wconf 69' lang='lat' dir='ltr'>imm</span> <span class='ocrx_word' id='word_1_204' title='bbox 1331 1490 1387 1531; x_wconf 73' lang='lat' dir='ltr'>tol</span> <span class='ocrx_word' id='word_1_205' title='bbox 1415 1489 1754 1546; x_wconf 80' lang='lat' dir='ltr'>(cupiditatum),</span> <span class='ocrx_word' id='word_1_206' title='bbox 1792 1491 1896 1531; x_wconf 70' lang='lat' dir='ltr'>iuna</span> <span class='ocrx_word' id='word_1_207' title='bbox 1926 1503 2059 1530; x_wconf 78' lang='lat' dir='ltr'>crann</span> 
     </span>
     <span class='ocr_line' id='line_1_20' title="bbox 96 1555 2057 1616; baseline -0.004 -12"><span class='ocrx_word' id='word_1_208' title='bbox 96 1559 344 1616; x_wconf 77' lang='lat' dir='ltr'>(arborum),</span> <span class='ocrx_word' id='word_1_209' title='bbox 376 1562 478 1602; x_wconf 74' lang='lat' dir='ltr'>iuna</span> <span class='ocrx_word' id='word_1_210' title='bbox 495 1560 699 1613; x_wconf 48' lang='lat' dir='ltr'>‚forcetass</span> <span class='ocrx_word' id='word_1_211' title='bbox 738 1575 794 1601; x_wconf 73' lang='lat' dir='ltr'>na</span> <span class='ocrx_word' id='word_1_212' title='bbox 811 1559 994 1611; x_wconf 51' lang='grc' dir='ltr'>ιἵοιϊειίαί</span> <span class='ocrx_word' id='word_1_213' title='bbox 1028 1558 1398 1613; x_wconf 85' lang='lat' dir='ltr'>(institutionum),</span> <span class='ocrx_word' id='word_1_214' title='bbox 1441 1573 1495 1599; x_wconf 77' lang='lat' dir='ltr'>na</span> <span class='ocrx_word' id='word_1_215' title='bbox 1525 1558 1706 1598; x_wconf 76' lang='lat' dir='ltr'>sacardd</span> <span class='ocrx_word' id='word_1_216' title='bbox 1735 1555 2057 1611; x_wconf 82' lang='lat' dir='ltr'>(sacerdotum),</span> 
     </span>
     <span class='ocr_line' id='line_1_21' title="bbox 94 1623 2056 1682; baseline -0.002 -14"><span class='ocrx_word' id='word_1_217' title='bbox 94 1626 326 1669; x_wconf 72' lang='lat' dir='ltr'>imzamball</span> <span class='ocrx_word' id='word_1_218' title='bbox 361 1627 692 1682; x_wconf 87' lang='lat' dir='ltr'>(membrorum).</span> <span class='ocrx_word' id='word_1_219' title='bbox 750 1627 892 1669; x_wconf 81' lang='lat' dir='ltr'>Aliam</span> <span class='ocrx_word' id='word_1_220' title='bbox 929 1626 1116 1682; x_wconf 81' lang='lat' dir='ltr'>regulam</span> <span class='ocrx_word' id='word_1_221' title='bbox 1159 1625 1348 1681; x_wconf 86' lang='lat' dir='ltr'>sequitur</span> <span class='ocrx_word' id='word_1_222' title='bbox 1382 1625 1517 1666; x_wconf 88' lang='lat' dir='ltr'>forma</span> <span class='ocrx_word' id='word_1_223' title='bbox 1551 1624 1717 1666; x_wconf 86' lang='lat' dir='ltr'>articuli</span> <span class='ocrx_word' id='word_1_224' title='bbox 1754 1623 1858 1665; x_wconf 89' lang='lat' dir='ltr'>INN</span> <span class='ocrx_word' id='word_1_225' title='bbox 1894 1623 1939 1665; x_wconf 90' lang='lat' dir='ltr'>in</span> <span class='ocrx_word' id='word_1_226' title='bbox 1969 1638 2056 1666; x_wconf 86' lang='lat' dir='ltr'>acc.</span> 
     </span>
     <span class='ocr_line' id='line_1_22' title="bbox 95 1690 2059 1748; baseline -0.003 -12"><span class='ocrx_word' id='word_1_227' title='bbox 95 1708 222 1736; x_wconf 82' lang='lat' dir='ltr'>masc.</span> <span class='ocrx_word' id='word_1_228' title='bbox 256 1700 297 1736; x_wconf 89' lang='lat' dir='ltr'>et</span> <span class='ocrx_word' id='word_1_229' title='bbox 324 1694 445 1748; x_wconf 56' lang='lat' dir='ltr'>fem„</span> <span class='ocrx_word' id='word_1_230' title='bbox 488 1694 610 1736; x_wconf 87' lang='lat' dir='ltr'>cuius</span> <span class='ocrx_word' id='word_1_231' title='bbox 639 1694 772 1737; x_wconf 87' lang='lat' dir='ltr'>altera</span> <span class='ocrx_word' id='word_1_232' title='bbox 799 1711 828 1734; x_wconf 75' lang='grc' dir='ltr'>π</span> <span class='ocrx_word' id='word_1_233' title='bbox 864 1708 918 1735; x_wconf 85' lang='lat' dir='ltr'>ne</span> <span class='ocrx_word' id='word_1_234' title='bbox 956 1700 1054 1735; x_wconf 85' lang='lat' dir='ltr'>ante</span> <span class='ocrx_word' id='word_1_235' title='bbox 1090 1693 1254 1735; x_wconf 86' lang='lat' dir='ltr'>medias</span> <span class='ocrx_word' id='word_1_236' title='bbox 1293 1693 1462 1748; x_wconf 82' lang='lat' dir='ltr'>quidem</span> <span class='ocrx_word' id='word_1_237' title='bbox 1501 1706 1668 1747; x_wconf 82' lang='lat' dir='ltr'>semper</span> <span class='ocrx_word' id='word_1_238' title='bbox 1699 1697 1907 1744; x_wconf 78' lang='lat' dir='ltr'>servatur,</span> <span class='ocrx_word' id='word_1_239' title='bbox 1949 1690 2059 1746; x_wconf 86' lang='lat' dir='ltr'>perit</span> 
     </span>
     <span class='ocr_line' id='line_1_23' title="bbox 96 1757 2058 1815; baseline -0.002 -10"><span class='ocrx_word' id='word_1_240' title='bbox 96 1766 194 1805; x_wconf 82' lang='lat' dir='ltr'>ante</span> <span class='ocrx_word' id='word_1_241' title='bbox 229 1768 393 1806; x_wconf 86' lang='lat' dir='ltr'>ceteras</span> <span class='ocrx_word' id='word_1_242' title='bbox 433 1777 645 1805; x_wconf 86' lang='lat' dir='ltr'>consonas</span> <span class='ocrx_word' id='word_1_243' title='bbox 684 1777 841 1804; x_wconf 82' lang='lat' dir='ltr'>omnes.</span> <span class='ocrx_word' id='word_1_244' title='bbox 911 1762 1054 1804; x_wconf 77' lang='lat' dir='ltr'>Uitata</span> <span class='ocrx_word' id='word_1_245' title='bbox 1090 1761 1159 1803; x_wconf 87' lang='lat' dir='ltr'>vel</span> <span class='ocrx_word' id='word_1_246' title='bbox 1193 1760 1277 1803; x_wconf 84' lang='lat' dir='ltr'>alia</span> <span class='ocrx_word' id='word_1_247' title='bbox 1306 1759 1500 1815; x_wconf 79' lang='lat' dir='ltr'>exempla</span> <span class='ocrx_word' id='word_1_248' title='bbox 1529 1757 1694 1800; x_wconf 82' lang='lat' dir='ltr'>articuli</span> <span class='ocrx_word' id='word_1_249' title='bbox 1724 1758 1769 1799; x_wconf 89' lang='lat' dir='ltr'>in</span> <span class='ocrx_word' id='word_1_250' title='bbox 1799 1759 1883 1801; x_wconf 82' lang='lat' dir='ltr'>illis</span> <span class='ocrx_word' id='word_1_251' title='bbox 1914 1759 2058 1801; x_wconf 86' lang='lat' dir='ltr'>formis</span> 
     </span>
     <span class='ocr_line' id='line_1_24' title="bbox 98 1830 1070 1888; baseline -0.003 -14"><span class='ocrx_word' id='word_1_252' title='bbox 98 1830 210 1874; x_wconf 70' lang='lat' dir='ltr'>infla</span> <span class='ocrx_word' id='word_1_253' title='bbox 239 1836 481 1888; x_wconf 83' lang='lat' dir='ltr'>sequentur,</span> <span class='ocrx_word' id='word_1_254' title='bbox 516 1831 590 1873; x_wconf 91' lang='lat' dir='ltr'>ubi</span> <span class='ocrx_word' id='word_1_255' title='bbox 621 1831 673 1873; x_wconf 91' lang='lat' dir='ltr'>de</span> <span class='ocrx_word' id='word_1_256' title='bbox 704 1830 880 1873; x_wconf 83' lang='lat' dir='ltr'>articulo</span> <span class='ocrx_word' id='word_1_257' title='bbox 912 1836 1070 1886; x_wconf 83' lang='lat' dir='ltr'>agetur.</span> 
     </span>
    </p>

    <p class='ocr_par' dir='ltr' id='par_1_5' title="bbox 80 1893 2064 2497">
     <span class='ocr_line' id='line_1_25' title="bbox 210 1893 2060 1955; baseline -0.003 -14"><span class='ocrx_word' id='word_1_258' title='bbox 210 1898 254 1954; x_wconf 86' lang='lat' dir='ltr'>b)</span> <span class='ocrx_word' id='word_1_259' title='bbox 285 1897 544 1941; x_wconf 86' lang='lat' dir='ltr'>Pronomina</span> <span class='ocrx_word' id='word_1_260' title='bbox 579 1897 832 1955; x_wconf 83' lang='lat' dir='ltr'>possessiva</span> <span class='ocrx_word' id='word_1_261' title='bbox 860 1897 986 1940; x_wconf 85' lang='lat' dir='ltr'>trium</span> <span class='ocrx_word' id='word_1_262' title='bbox 1018 1911 1293 1954; x_wconf 80' lang='lat' dir='ltr'>personarum</span> <span class='ocrx_word' id='word_1_263' title='bbox 1322 1896 1485 1938; x_wconf 85' lang='lat' dir='ltr'>numeri</span> <span class='ocrx_word' id='word_1_264' title='bbox 1515 1895 1691 1951; x_wconf 86' lang='lat' dir='ltr'>pluralis</span> <span class='ocrx_word' id='word_1_265' title='bbox 1716 1894 1860 1947; x_wconf 86' lang='lat' dir='ltr'>ARN,</span> <span class='ocrx_word' id='word_1_266' title='bbox 1897 1893 2060 1936; x_wconf 83' lang='lat' dir='ltr'>FARN</span> 
     </span>
     <span class='ocr_line' id='line_1_26' title="bbox 97 1962 2060 2022; baseline -0.004 -12"><span class='ocrx_word' id='word_1_267' title='bbox 97 1965 323 2022; x_wconf 82' lang='lat' dir='ltr'>(BARN)‚</span> <span class='ocrx_word' id='word_1_268' title='bbox 354 1966 458 2019; x_wconf 73' lang='lat' dir='ltr'>AN,</span> <span class='ocrx_word' id='word_1_269' title='bbox 496 1967 596 2008; x_wconf 87' lang='lat' dir='ltr'>item</span> <span class='ocrx_word' id='word_1_270' title='bbox 625 1981 859 2022; x_wconf 84' lang='lat' dir='ltr'>pronomen</span> <span class='ocrx_word' id='word_1_271' title='bbox 886 1965 1112 2008; x_wconf 85' lang='lat' dir='ltr'>relativum</span> <span class='ocrx_word' id='word_1_272' title='bbox 1140 1965 1237 2007; x_wconf 91' lang='lat' dir='ltr'>AN.</span> <span class='ocrx_word' id='word_1_273' title='bbox 1299 1965 1414 2006; x_wconf 82' lang='lat' dir='ltr'>Ante</span> <span class='ocrx_word' id='word_1_274' title='bbox 1442 1964 1615 2006; x_wconf 79' lang='lat' dir='ltr'>vocales</span> <span class='ocrx_word' id='word_1_275' title='bbox 1646 1970 1689 2005; x_wconf 90' lang='lat' dir='ltr'>et</span> <span class='ocrx_word' id='word_1_276' title='bbox 1716 1962 1900 2005; x_wconf 85' lang='lat' dir='ltr'>medias:</span> <span class='ocrx_word' id='word_1_277' title='bbox 1940 1976 2060 2002; x_wconf 78' lang='lat' dir='ltr'>arne-</span> 
     </span>
     <span class='ocr_line' id='line_1_27' title="bbox 80 2031 2062 2091; baseline -0.003 -14"><span class='ocrx_word' id='word_1_278' title='bbox 80 2040 242 2091; x_wconf 70' lang='lat' dir='ltr'>&#39;tarqne</span> <span class='ocrx_word' id='word_1_279' title='bbox 281 2034 489 2091; x_wconf 83' lang='lat' dir='ltr'>(cognitio</span> <span class='ocrx_word' id='word_1_280' title='bbox 519 2034 705 2090; x_wconf 85' lang='lat' dir='ltr'>nostra),</span> <span class='ocrx_word' id='word_1_281' title='bbox 737 2034 1013 2089; x_wconf 68' lang='lat' dir='ltr'>sarreia-niyde</span> <span class='ocrx_word' id='word_1_282' title='bbox 1050 2032 1206 2087; x_wconf 82' lang='lat' dir='ltr'>(oratio</span> <span class='ocrx_word' id='word_1_283' title='bbox 1237 2032 1418 2087; x_wconf 85' lang='lat' dir='ltr'>vestra),</span> <span class='ocrx_word' id='word_1_284' title='bbox 1446 2032 1717 2087; x_wconf 66' lang='lat' dir='ltr'>sarnclerqud</span> <span class='ocrx_word' id='word_1_285' title='bbox 1753 2031 1950 2085; x_wconf 85' lang='lat' dir='ltr'>(stratum</span> <span class='ocrx_word' id='word_1_286' title='bbox 1989 2045 2062 2072; x_wconf 90' lang='lat' dir='ltr'>ve-</span> 
     </span>
     <span class='ocr_line' id='line_1_28' title="bbox 99 2097 2062 2158; baseline -0.003 -14"><span class='ocrx_word' id='word_1_287' title='bbox 99 2102 263 2158; x_wconf 78' lang='lat' dir='ltr'>strum),</span> <span class='ocrx_word' id='word_1_288' title='bbox 295 2118 351 2143; x_wconf 81' lang='lat' dir='ltr'>cm</span> <span class='ocrx_word' id='word_1_289' title='bbox 370 2103 612 2144; x_wconf 68' lang='lat' dir='ltr'>etarscarad</span> <span class='ocrx_word' id='word_1_290' title='bbox 630 2102 858 2156; x_wconf 87' lang='lat' dir='ltr'>(seiunctio</span> <span class='ocrx_word' id='word_1_291' title='bbox 878 2101 1054 2156; x_wconf 87' lang='lat' dir='ltr'>eorum),</span> <span class='ocrx_word' id='word_1_292' title='bbox 1085 2098 1332 2142; x_wconf 46' lang='lat' dir='ltr'>amisbiwasa</span> <span class='ocrx_word' id='word_1_293' title='bbox 1362 2099 1496 2156; x_wconf 74' lang='lat' dir='ltr'>(quod</span> <span class='ocrx_word' id='word_1_294' title='bbox 1517 2098 1647 2153; x_wconf 83' lang='lat' dir='ltr'>dico),</span> <span class='ocrx_word' id='word_1_295' title='bbox 1679 2099 1906 2139; x_wconf 65' lang='lat' dir='ltr'>anduclesta</span> <span class='ocrx_word' id='word_1_296' title='bbox 1927 2097 2062 2154; x_wconf 86' lang='lat' dir='ltr'>(quod</span> 
     </span>
     <span class='ocr_line' id='line_1_29' title="bbox 99 2165 2062 2225; baseline -0.003 -13"><span class='ocrx_word' id='word_1_297' title='bbox 99 2169 252 2225; x_wconf 83' lang='lat' dir='ltr'>deest).</span> <span class='ocrx_word' id='word_1_298' title='bbox 291 2171 407 2212; x_wconf 88' lang='lat' dir='ltr'>Ante</span> <span class='ocrx_word' id='word_1_299' title='bbox 427 2185 458 2223; x_wconf 75' lang='grc' dir='ltr'>ε,</span> <span class='ocrx_word' id='word_1_300' title='bbox 478 2169 522 2222; x_wconf 79' lang='lat' dir='ltr'>f,</span> <span class='ocrx_word' id='word_1_301' title='bbox 552 2175 717 2222; x_wconf 87' lang='lat' dir='ltr'>tenues,</span> <span class='ocrx_word' id='word_1_302' title='bbox 748 2169 957 2225; x_wconf 81' lang='lat' dir='ltr'>liquidas:</span> <span class='ocrx_word' id='word_1_303' title='bbox 993 2184 1045 2210; x_wconf 75' lang='lat' dir='ltr'>ar</span> <span class='ocrx_word' id='word_1_304' title='bbox 1062 2169 1312 2223; x_wconf 61' lang='lat' dir='ltr'>sir-ianuyud</span> <span class='ocrx_word' id='word_1_305' title='bbox 1342 2166 1524 2221; x_wconf 87' lang='lat' dir='ltr'>(iustitia</span> <span class='ocrx_word' id='word_1_306' title='bbox 1552 2166 1732 2220; x_wconf 83' lang='lat' dir='ltr'>nostra),</span> <span class='ocrx_word' id='word_1_307' title='bbox 1763 2167 1949 2207; x_wconf 61' lang='lat' dir='ltr'>areoscm·</span> <span class='ocrx_word' id='word_1_308' title='bbox 1976 2165 2062 2220; x_wconf 88' lang='lat' dir='ltr'>(in-</span> 
     </span>
     <span class='ocr_line' id='line_1_30' title="bbox 101 2233 2062 2293; baseline -0.003 -14"><span class='ocrx_word' id='word_1_309' title='bbox 101 2237 262 2279; x_wconf 85' lang='lat' dir='ltr'>stitutio</span> <span class='ocrx_word' id='word_1_310' title='bbox 281 2237 461 2292; x_wconf 87' lang='lat' dir='ltr'>nostra),</span> <span class='ocrx_word' id='word_1_311' title='bbox 480 2237 685 2291; x_wconf 65' lang='lat' dir='ltr'>faisctilte</span> <span class='ocrx_word' id='word_1_312' title='bbox 705 2236 924 2293; x_wconf 78' lang='lat' dir='ltr'>(gaudium</span> <span class='ocrx_word' id='word_1_313' title='bbox 945 2236 1165 2291; x_wconf 81' lang='lat' dir='ltr'>vestrum),</span> <span class='ocrx_word' id='word_1_314' title='bbox 1198 2235 1415 2290; x_wconf 48' lang='lat' dir='ltr'>harpen-tha</span> <span class='ocrx_word' id='word_1_315' title='bbox 1446 2234 1644 2290; x_wconf 82' lang='lat' dir='ltr'>(peccata</span> <span class='ocrx_word' id='word_1_316' title='bbox 1663 2233 1838 2288; x_wconf 83' lang='lat' dir='ltr'>vestra),</span> <span class='ocrx_word' id='word_1_317' title='bbox 1859 2233 2062 2287; x_wconf 53' lang='lat' dir='ltr'>fartoc‘m-</span> 
     </span>
     <span class='ocr_line' id='line_1_31' title="bbox 99 2300 2063 2361; baseline -0.002 -16"><span class='ocrx_word' id='word_1_318' title='bbox 99 2305 161 2346; x_wconf 72' lang='lat' dir='ltr'>tiu</span> <span class='ocrx_word' id='word_1_319' title='bbox 189 2304 356 2361; x_wconf 88' lang='lat' dir='ltr'>(opinio</span> <span class='ocrx_word' id='word_1_320' title='bbox 386 2305 569 2360; x_wconf 81' lang='lat' dir='ltr'>vestra),</span> <span class='ocrx_word' id='word_1_321' title='bbox 609 2304 918 2360; x_wconf 70' lang='lat' dir='ltr'>arropredchad</span> <span class='ocrx_word' id='word_1_322' title='bbox 955 2303 1089 2359; x_wconf 89' lang='lat' dir='ltr'>(quod</span> <span class='ocrx_word' id='word_1_323' title='bbox 1124 2302 1414 2359; x_wconf 85' lang='lat' dir='ltr'>praedicatum</span> <span class='ocrx_word' id='word_1_324' title='bbox 1444 2302 1548 2356; x_wconf 85' lang='lat' dir='ltr'>est),</span> <span class='ocrx_word' id='word_1_325' title='bbox 1591 2300 1891 2356; x_wconf 69' lang='lat' dir='ltr'>apredclcz‘mme</span> <span class='ocrx_word' id='word_1_326' title='bbox 1927 2300 2063 2356; x_wconf 85' lang='lat' dir='ltr'>(quod</span> 
     </span>
     <span class='ocr_line' id='line_1_32' title="bbox 98 2366 2064 2429; baseline -0.003 -15"><span class='ocrx_word' id='word_1_327' title='bbox 98 2371 428 2429; x_wconf 83' lang='lat' dir='ltr'>praedicamus),</span> <span class='ocrx_word' id='word_1_328' title='bbox 460 2373 658 2414; x_wconf 68' lang='lat' dir='ltr'>aeartlaear</span> <span class='ocrx_word' id='word_1_329' title='bbox 688 2372 782 2429; x_wconf 89' lang='lat' dir='ltr'>(qui</span> <span class='ocrx_word' id='word_1_330' title='bbox 813 2371 1006 2426; x_wconf 83' lang='lat' dir='ltr'>amatur),</span> <span class='ocrx_word' id='word_1_331' title='bbox 1039 2372 1191 2412; x_wconf 73' lang='lat' dir='ltr'>ace&#39;sme</span> <span class='ocrx_word' id='word_1_332' title='bbox 1221 2370 1356 2426; x_wconf 87' lang='lat' dir='ltr'>(quod</span> <span class='ocrx_word' id='word_1_333' title='bbox 1384 2367 1600 2425; x_wconf 84' lang='lat' dir='ltr'>patimur).</span> <span class='ocrx_word' id='word_1_334' title='bbox 1649 2366 1859 2424; x_wconf 81' lang='lat' dir='ltr'>Exempla</span> <span class='ocrx_word' id='word_1_335' title='bbox 1886 2368 1992 2410; x_wconf 84' lang='lat' dir='ltr'>haec</span> <span class='ocrx_word' id='word_1_336' title='bbox 2023 2374 2064 2410; x_wconf 87' lang='lat' dir='ltr'>et</span> 
     </span>
     <span class='ocr_line' id='line_1_33' title="bbox 102 2439 551 2497; baseline 0.002 -15"><span class='ocrx_word' id='word_1_337' title='bbox 102 2439 188 2482; x_wconf 81' lang='lat' dir='ltr'>alia</span> <span class='ocrx_word' id='word_1_338' title='bbox 215 2439 261 2482; x_wconf 91' lang='lat' dir='ltr'>in</span> <span class='ocrx_word' id='word_1_339' title='bbox 290 2441 551 2497; x_wconf 86' lang='lat' dir='ltr'>pronomine.</span> 
     </span>
    </p>

    <p class='ocr_par' dir='ltr' id='par_1_6' title="bbox 102 2502 2060 2686">
     <span class='ocr_line' id='line_1_34' title="bbox 214 2502 2060 2565; baseline -0.003 -16"><span class='ocrx_word' id='word_1_340' title='bbox 214 2507 254 2564; x_wconf 83' lang='lat' dir='ltr'>c)</span> <span class='ocrx_word' id='word_1_341' title='bbox 284 2507 634 2565; x_wconf 86' lang='lat' dir='ltr'>Praepositiones</span> <span class='ocrx_word' id='word_1_342' title='bbox 663 2507 727 2550; x_wconf 77' lang='lat' dir='ltr'>IN</span> <span class='ocrx_word' id='word_1_343' title='bbox 756 2507 855 2563; x_wconf 91' lang='lat' dir='ltr'>(in),</span> <span class='ocrx_word' id='word_1_344' title='bbox 888 2506 1010 2550; x_wconf 82' lang='lat' dir='ltr'>OON</span> <span class='ocrx_word' id='word_1_345' title='bbox 1040 2506 1189 2561; x_wconf 87' lang='lat' dir='ltr'>(cum),</span> <span class='ocrx_word' id='word_1_346' title='bbox 1222 2505 1343 2548; x_wconf 81' lang='lat' dir='ltr'>REN</span> <span class='ocrx_word' id='word_1_347' title='bbox 1373 2504 1533 2559; x_wconf 82' lang='lat' dir='ltr'>(ante),</span> <span class='ocrx_word' id='word_1_348' title='bbox 1564 2503 1713 2545; x_wconf 67' lang='lat' dir='ltr'>[ARN</span> <span class='ocrx_word' id='word_1_349' title='bbox 1746 2502 1885 2561; x_wconf 86' lang='lat' dir='ltr'>(post)</span> <span class='ocrx_word' id='word_1_350' title='bbox 1918 2502 2060 2544; x_wconf 89' lang='lat' dir='ltr'>eodem</span> 
     </span>
     <span class='ocr_line' id='line_1_35' title="bbox 102 2569 2058 2631; baseline -0.004 -13"><span class='ocrx_word' id='word_1_351' title='bbox 102 2575 228 2618; x_wconf 90' lang='lat' dir='ltr'>modo</span> <span class='ocrx_word' id='word_1_352' title='bbox 257 2575 408 2618; x_wconf 84' lang='lat' dir='ltr'>haberi</span> <span class='ocrx_word' id='word_1_353' title='bbox 436 2576 591 2618; x_wconf 83' lang='lat' dir='ltr'>docent</span> <span class='ocrx_word' id='word_1_354' title='bbox 627 2575 821 2631; x_wconf 86' lang='lat' dir='ltr'>exempla</span> <span class='ocrx_word' id='word_1_355' title='bbox 848 2574 1201 2631; x_wconf 84' lang='lat' dir='ltr'>frequentissima,</span> <span class='ocrx_word' id='word_1_356' title='bbox 1234 2588 1342 2630; x_wconf 87' lang='lat' dir='ltr'>quae</span> <span class='ocrx_word' id='word_1_357' title='bbox 1370 2572 1519 2614; x_wconf 83' lang='lat' dir='ltr'>videas</span> <span class='ocrx_word' id='word_1_358' title='bbox 1559 2571 1605 2613; x_wconf 92' lang='lat' dir='ltr'>in</span> <span class='ocrx_word' id='word_1_359' title='bbox 1635 2570 1773 2626; x_wconf 89' lang='lat' dir='ltr'>capite</span> <span class='ocrx_word' id='word_1_360' title='bbox 1805 2569 1856 2612; x_wconf 87' lang='lat' dir='ltr'>de</span> <span class='ocrx_word' id='word_1_361' title='bbox 1885 2584 2058 2625; x_wconf 87' lang='lat' dir='ltr'>praepo·</span> 
     </span>
     <span class='ocr_line' id='line_1_36' title="bbox 102 2641 341 2686; baseline 0.004 -1"><span class='ocrx_word' id='word_1_362' title='bbox 102 2641 341 2686; x_wconf 84' lang='lat' dir='ltr'>sitionibus.</span> 
     </span>
    </p>

    <p class='ocr_par' dir='ltr' id='par_1_7' title="bbox 102 2703 2069 3174">
     <span class='ocr_line' id='line_1_37' title="bbox 217 2703 2065 2769; baseline -0.004 -17"><span class='ocrx_word' id='word_1_363' title='bbox 217 2713 265 2765; x_wconf 87' lang='lat' dir='ltr'>d)</span> <span class='ocrx_word' id='word_1_364' title='bbox 298 2709 635 2755; x_wconf 83' lang='lat' dir='ltr'>Coniunctiones</span> <span class='ocrx_word' id='word_1_365' title='bbox 653 2711 750 2764; x_wconf 88' lang='lat' dir='ltr'>AN,</span> <span class='ocrx_word' id='word_1_366' title='bbox 779 2711 932 2754; x_wconf 89' lang='lat' dir='ltr'>DIAN</span> <span class='ocrx_word' id='word_1_367' title='bbox 958 2710 1091 2769; x_wconf 83' lang='lat' dir='ltr'>(cuni,</span> <span class='ocrx_word' id='word_1_368' title='bbox 1125 2709 1196 2764; x_wconf 83' lang='lat' dir='ltr'>si),</span> <span class='ocrx_word' id='word_1_369' title='bbox 1227 2707 1395 2750; x_wconf 83' lang='lat' dir='ltr'>ARAN</span> <span class='ocrx_word' id='word_1_370' title='bbox 1427 2707 1526 2762; x_wconf 87' lang='lat' dir='ltr'>(ut),</span> <span class='ocrx_word' id='word_1_371' title='bbox 1560 2706 1717 2762; x_wconf 86' lang='lat' dir='ltr'>quippe</span> <span class='ocrx_word' id='word_1_372' title='bbox 1748 2705 1901 2760; x_wconf 89' lang='lat' dir='ltr'>quibus</span> <span class='ocrx_word' id='word_1_373' title='bbox 1932 2703 2065 2747; x_wconf 86' lang='lat' dir='ltr'>conti-</span> 
     </span>
     <span class='ocr_line' id='line_1_38' title="bbox 104 2771 2067 2833; baseline -0.005 -12"><span class='ocrx_word' id='word_1_374' title='bbox 104 2783 256 2822; x_wconf 80' lang='lat' dir='ltr'>neatur</span> <span class='ocrx_word' id='word_1_375' title='bbox 275 2778 496 2821; x_wconf 84' lang='lat' dir='ltr'>relativum</span> <span class='ocrx_word' id='word_1_376' title='bbox 516 2779 612 2833; x_wconf 88' lang='lat' dir='ltr'>AN,</span> <span class='ocrx_word' id='word_1_377' title='bbox 644 2794 694 2822; x_wconf 86' lang='lat' dir='ltr'>ac</span> <span class='ocrx_word' id='word_1_378' title='bbox 713 2780 800 2823; x_wconf 80' lang='lat' dir='ltr'>fere</span> <span class='ocrx_word' id='word_1_379' title='bbox 823 2778 945 2823; x_wconf 84' lang='lat' dir='ltr'>CON</span> <span class='ocrx_word' id='word_1_380' title='bbox 966 2777 1135 2833; x_wconf 88' lang='lat' dir='ltr'>(donec,</span> <span class='ocrx_word' id='word_1_381' title='bbox 1161 2777 1242 2831; x_wconf 86' lang='lat' dir='ltr'>ut):</span> <span class='ocrx_word' id='word_1_382' title='bbox 1275 2775 1441 2817; x_wconf 71' lang='lat' dir='ltr'>anasluz&#39;</span> <span class='ocrx_word' id='word_1_383' title='bbox 1459 2775 1575 2830; x_wconf 87' lang='lat' dir='ltr'>(eum</span> <span class='ocrx_word' id='word_1_384' title='bbox 1594 2773 1793 2828; x_wconf 83' lang='lat' dir='ltr'>excedit),</span> <span class='ocrx_word' id='word_1_385' title='bbox 1826 2771 2067 2826; x_wconf 72' lang='lat' dir='ltr'>andoforsat</span> 
     </span>
     <span class='ocr_line' id='line_1_39' title="bbox 102 2838 2069 2902; baseline -0.006 -12"><span class='ocrx_word' id='word_1_386' title='bbox 102 2848 218 2902; x_wconf 79' lang='lat' dir='ltr'>(cum</span> <span class='ocrx_word' id='word_1_387' title='bbox 250 2844 483 2901; x_wconf 86' lang='lat' dir='ltr'>condidit),</span> <span class='ocrx_word' id='word_1_388' title='bbox 517 2847 776 2889; x_wconf 66' lang='lat' dir='ltr'>diandenmis</span> <span class='ocrx_word' id='word_1_389' title='bbox 806 2847 865 2902; x_wconf 85' lang='lat' dir='ltr'>(si</span> <span class='ocrx_word' id='word_1_390' title='bbox 892 2844 1168 2900; x_wconf 84' lang='lat' dir='ltr'>faceremus),</span> <span class='ocrx_word' id='word_1_391' title='bbox 1207 2843 1398 2886; x_wconf 77' lang='lat' dir='ltr'>diambed</span> <span class='ocrx_word' id='word_1_392' title='bbox 1427 2842 1484 2897; x_wconf 85' lang='lat' dir='ltr'>(si</span> <span class='ocrx_word' id='word_1_393' title='bbox 1518 2841 1671 2895; x_wconf 87' lang='lat' dir='ltr'>esset),</span> <span class='ocrx_word' id='word_1_394' title='bbox 1703 2848 1972 2894; x_wconf 56' lang='lat' dir='ltr'>mamper-tar</span> <span class='ocrx_word' id='word_1_395' title='bbox 2001 2838 2069 2893; x_wconf 89' lang='lat' dir='ltr'>(ut</span> 
     </span>
     <span class='ocr_line' id='line_1_40' title="bbox 104 2905 2066 2970; baseline -0.004 -13"><span class='ocrx_word' id='word_1_396' title='bbox 104 2914 301 2969; x_wconf 80' lang='lat' dir='ltr'>dicatur),</span> <span class='ocrx_word' id='word_1_397' title='bbox 333 2915 622 2957; x_wconf 70' lang='lat' dir='ltr'>aramlermczd</span> <span class='ocrx_word' id='word_1_398' title='bbox 652 2915 719 2962; x_wconf 85' lang='lat' dir='ltr'>(ut</span> <span class='ocrx_word' id='word_1_399' title='bbox 737 2914 938 2970; x_wconf 83' lang='lat' dir='ltr'>faciatis),</span> <span class='ocrx_word' id='word_1_400' title='bbox 971 2913 1101 2955; x_wconf 78' lang='lat' dir='ltr'>conda</span> <span class='ocrx_word' id='word_1_401' title='bbox 1139 2912 1205 2966; x_wconf 89' lang='lat' dir='ltr'>(ut</span> <span class='ocrx_word' id='word_1_402' title='bbox 1226 2911 1337 2963; x_wconf 78' lang='lat' dir='ltr'>sini),</span> <span class='ocrx_word' id='word_1_403' title='bbox 1370 2910 1507 2951; x_wconf 79' lang='lat' dir='ltr'>comba</span> <span class='ocrx_word' id='word_1_404' title='bbox 1539 2909 1605 2964; x_wconf 88' lang='lat' dir='ltr'>(ut</span> <span class='ocrx_word' id='word_1_405' title='bbox 1625 2908 1721 2963; x_wconf 87' lang='lat' dir='ltr'>sis),</span> <span class='ocrx_word' id='word_1_406' title='bbox 1751 2905 1882 2954; x_wconf 73' lang='lat' dir='ltr'>cambi</span> <span class='ocrx_word' id='word_1_407' title='bbox 1909 2907 2066 2960; x_wconf 83' lang='lat' dir='ltr'>(donec</span> 
     </span>
     <span class='ocr_line' id='line_1_41' title="bbox 104 2974 2065 3039; baseline -0.005 -16"><span class='ocrx_word' id='word_1_408' title='bbox 104 2982 201 3037; x_wconf 88' lang='lat' dir='ltr'>sit);</span> <span class='ocrx_word' id='word_1_409' title='bbox 241 2981 537 3038; x_wconf 46' lang='lat' dir='ltr'>aconfoeffemni</span> <span class='ocrx_word' id='word_1_410' title='bbox 566 2983 681 3037; x_wconf 85' lang='lat' dir='ltr'>(cum</span> <span class='ocrx_word' id='word_1_411' title='bbox 712 2997 1002 3039; x_wconf 85' lang='lat' dir='ltr'>comparamus</span> <span class='ocrx_word' id='word_1_412' title='bbox 1033 2981 1153 3035; x_wconf 84' lang='lat' dir='ltr'>nos),</span> <span class='ocrx_word' id='word_1_413' title='bbox 1194 2978 1549 3020; x_wconf 62' lang='lat' dir='ltr'>cufacoanalnamar</span> <span class='ocrx_word' id='word_1_414' title='bbox 1580 2976 1638 3031; x_wconf 81' lang='lat' dir='ltr'>(si</span> <span class='ocrx_word' id='word_1_415' title='bbox 1668 2974 1934 3032; x_wconf 79' lang='lat' dir='ltr'>implemus),</span> <span class='ocrx_word' id='word_1_416' title='bbox 1967 2989 2065 3016; x_wconf 76' lang='lat' dir='ltr'>ara-</span> 
     </span>
     <span class='ocr_line' id='line_1_42' title="bbox 104 3041 2064 3105; baseline -0.005 -13"><span class='ocrx_word' id='word_1_417' title='bbox 104 3058 240 3092; x_wconf 76' lang='lat' dir='ltr'>tartar</span> <span class='ocrx_word' id='word_1_418' title='bbox 261 3051 330 3104; x_wconf 87' lang='lat' dir='ltr'>(ut</span> <span class='ocrx_word' id='word_1_419' title='bbox 349 3050 580 3104; x_wconf 72' lang='lat' dir='ltr'>offeratur),</span> <span class='ocrx_word' id='word_1_420' title='bbox 615 3051 958 3093; x_wconf 57' lang='lat' dir='ltr'>aracomalnitlcer</span> <span class='ocrx_word' id='word_1_421' title='bbox 989 3052 1055 3105; x_wconf 84' lang='lat' dir='ltr'>(ut</span> <span class='ocrx_word' id='word_1_422' title='bbox 1075 3046 1331 3103; x_wconf 84' lang='lat' dir='ltr'>impleatur),</span> <span class='ocrx_word' id='word_1_423' title='bbox 1364 3045 1690 3086; x_wconf 58' lang='lat' dir='ltr'>(traseclcemmar</span> <span class='ocrx_word' id='word_1_424' title='bbox 1720 3042 1788 3097; x_wconf 89' lang='lat' dir='ltr'>(ut</span> <span class='ocrx_word' id='word_1_425' title='bbox 1808 3041 2064 3098; x_wconf 86' lang='lat' dir='ltr'>sequamur),</span> 
     </span>
     <span class='ocr_line' id='line_1_43' title="bbox 104 3115 1617 3174; baseline -0.005 -14"><span class='ocrx_word' id='word_1_426' title='bbox 104 3119 185 3160; x_wconf 73' lang='lat' dir='ltr'>coti</span> <span class='ocrx_word' id='word_1_427' title='bbox 211 3117 367 3173; x_wconf 83' lang='lat' dir='ltr'>(donec</span> <span class='ocrx_word' id='word_1_428' title='bbox 398 3120 546 3172; x_wconf 75' lang='lat' dir='ltr'>veuit),</span> <span class='ocrx_word' id='word_1_429' title='bbox 581 3125 623 3161; x_wconf 93' lang='lat' dir='ltr'>et</span> <span class='ocrx_word' id='word_1_430' title='bbox 652 3118 736 3161; x_wconf 75' lang='lat' dir='ltr'>alia</span> <span class='ocrx_word' id='word_1_431' title='bbox 766 3119 968 3174; x_wconf 82' lang='lat' dir='ltr'>exempla,</span> <span class='ocrx_word' id='word_1_432' title='bbox 1002 3132 1110 3174; x_wconf 85' lang='lat' dir='ltr'>quae</span> <span class='ocrx_word' id='word_1_433' title='bbox 1142 3131 1218 3157; x_wconf 89' lang='lat' dir='ltr'>suo</span> <span class='ocrx_word' id='word_1_434' title='bbox 1250 3115 1343 3157; x_wconf 84' lang='lat' dir='ltr'>loeo</span> <span class='ocrx_word' id='word_1_435' title='bbox 1375 3118 1617 3169; x_wconf 82' lang='lat' dir='ltr'>sequentur.</span> 
     </span>
    </p>

    <p class='ocr_par' dir='ltr' id='par_1_8' title="bbox 104 3177 2067 3444">
     <span class='ocr_line' id='line_1_44' title="bbox 215 3177 2067 3239; baseline -0.003 -14"><span class='ocrx_word' id='word_1_436' title='bbox 215 3188 257 3239; x_wconf 87' lang='lat' dir='ltr'>e)</span> <span class='ocrx_word' id='word_1_437' title='bbox 295 3185 534 3228; x_wconf 74' lang='lat' dir='ltr'>Numeralis</span> <span class='ocrx_word' id='word_1_438' title='bbox 572 3184 781 3232; x_wconf 83' lang='lat' dir='ltr'>hibernici</span> <span class='ocrx_word' id='word_1_439' title='bbox 808 3185 855 3228; x_wconf 92' lang='grc' dir='ltr'>Π</span> <span class='ocrx_word' id='word_1_440' title='bbox 884 3185 1018 3227; x_wconf 85' lang='lat' dir='ltr'>forma</span> <span class='ocrx_word' id='word_1_441' title='bbox 1046 3183 1185 3226; x_wconf 89' lang='lat' dir='ltr'>neutri</span> <span class='ocrx_word' id='word_1_442' title='bbox 1224 3181 1391 3237; x_wconf 85' lang='lat' dir='ltr'>generis</span> <span class='ocrx_word' id='word_1_443' title='bbox 1427 3179 1575 3223; x_wconf 89' lang='lat' dir='ltr'>DAN:</span> <span class='ocrx_word' id='word_1_444' title='bbox 1615 3179 1795 3234; x_wconf 61' lang='lat' dir='ltr'>dauon-pe</span> <span class='ocrx_word' id='word_1_445' title='bbox 1831 3178 1965 3233; x_wconf 84' lang='lat' dir='ltr'>(duae</span> <span class='ocrx_word' id='word_1_446' title='bbox 1994 3177 2067 3219; x_wconf 89' lang='lat' dir='ltr'>he-</span> 
     </span>
     <span class='ocr_line' id='line_1_45' title="bbox 104 3244 2066 3308; baseline -0.006 -11"><span class='ocrx_word' id='word_1_447' title='bbox 104 3254 327 3305; x_wconf 80' lang='lat' dir='ltr'>reditates)</span> <span class='ocrx_word' id='word_1_448' title='bbox 358 3252 456 3295; x_wconf 82' lang='lat' dir='ltr'>Wb.</span> <span class='ocrx_word' id='word_1_449' title='bbox 479 3253 531 3295; x_wconf 71' lang='lat'>2⁰.</span> <span class='ocrx_word' id='word_1_450' title='bbox 561 3252 780 3308; x_wconf 65' lang='lat' dir='ltr'>foadano&#39;fj</span> <span class='ocrx_word' id='word_1_451' title='bbox 812 3254 910 3301; x_wconf 82' lang='lat' dir='ltr'>(sub</span> <span class='ocrx_word' id='word_1_452' title='bbox 941 3252 1022 3294; x_wconf 87' lang='lat' dir='ltr'>duo</span> <span class='ocrx_word' id='word_1_453' title='bbox 1055 3251 1146 3294; x_wconf 88' lang='lat' dir='ltr'>eius</span> <span class='ocrx_word' id='word_1_454' title='bbox 1167 3250 1351 3304; x_wconf 83' lang='lat' dir='ltr'>integra)</span> <span class='ocrx_word' id='word_1_455' title='bbox 1384 3247 1455 3305; x_wconf 87' lang='lat' dir='ltr'>Sg.</span> <span class='ocrx_word' id='word_1_456' title='bbox 1479 3248 1559 3290; x_wconf 69' lang='lat'>75¹³.</span> <span class='ocrx_word' id='word_1_457' title='bbox 1583 3248 1663 3290; x_wconf 74' lang='lat'><strong>98¹.</strong></span> <span class='ocrx_word' id='word_1_458' title='bbox 1705 3247 1761 3288; x_wconf 84' lang='lat' dir='ltr'>da</span> <span class='ocrx_word' id='word_1_459' title='bbox 1788 3248 1933 3289; x_wconf 61' lang='lat' dir='ltr'>mamm</span> <span class='ocrx_word' id='word_1_460' title='bbox 1963 3244 2066 3298; x_wconf 88' lang='lat' dir='ltr'>(duo</span> 
     </span>
     <span class='ocr_line' id='line_1_46' title="bbox 105 3311 2066 3380; baseline -0.006 -15"><span class='ocrx_word' id='word_1_461' title='bbox 105 3321 293 3380; x_wconf 77' lang='lat' dir='ltr'>nomina)</span> <span class='ocrx_word' id='word_1_462' title='bbox 323 3318 395 3376; x_wconf 79' lang='lat' dir='ltr'><strong>Sg’.</strong></span> <span class='ocrx_word' id='word_1_463' title='bbox 420 3321 495 3363; x_wconf 70' lang='lat'>28⁴.</span> <span class='ocrx_word' id='word_1_464' title='bbox 539 3322 641 3362; x_wconf 79' lang='lat' dir='ltr'>inda</span> <span class='ocrx_word' id='word_1_465' title='bbox 671 3321 857 3363; x_wconf 68' lang='lat' dir='ltr'>nainnwo</span> <span class='ocrx_word' id='word_1_466' title='bbox 888 3320 1012 3375; x_wconf 85' lang='lat' dir='ltr'>(haec</span> <span class='ocrx_word' id='word_1_467' title='bbox 1044 3320 1126 3360; x_wconf 90' lang='lat' dir='ltr'>duo</span> <span class='ocrx_word' id='word_1_468' title='bbox 1156 3318 1346 3371; x_wconf 85' lang='lat' dir='ltr'>nomina)</span> <span class='ocrx_word' id='word_1_469' title='bbox 1375 3315 1472 3359; x_wconf 87' lang='lat' dir='ltr'>Wb.</span> <span class='ocrx_word' id='word_1_470' title='bbox 1495 3316 1583 3369; x_wconf 64' lang='lat'>21⁴3</span> <span class='ocrx_word' id='word_1_471' title='bbox 1616 3316 1671 3356; x_wconf 77' lang='lat' dir='ltr'>da</span> <span class='ocrx_word' id='word_1_472' title='bbox 1697 3315 1774 3355; x_wconf 80' lang='lat' dir='ltr'>Zlae</span> <span class='ocrx_word' id='word_1_473' title='bbox 1804 3313 1931 3368; x_wconf 84' lang='lat' dir='ltr'>(duos</span> <span class='ocrx_word' id='word_1_474' title='bbox 1954 3311 2066 3365; x_wconf 86' lang='lat' dir='ltr'>dies)</span> 
     </span>
     <span class='ocr_line' id='line_1_47' title="bbox 107 3377 2066 3444; baseline -0.006 -10"><span class='ocrx_word' id='word_1_475' title='bbox 107 3386 175 3434; x_wconf 90' lang='lat' dir='ltr'>Cr.</span> <span class='ocrx_word' id='word_1_476' title='bbox 197 3389 287 3444; x_wconf 69' lang='lat'>31⁶3</span> <span class='ocrx_word' id='word_1_477' title='bbox 318 3389 394 3433; x_wconf 85' lang='lat' dir='ltr'>sed</span> <span class='ocrx_word' id='word_1_478' title='bbox 422 3388 564 3431; x_wconf 68' lang='lat' dir='ltr'>dasale</span> <span class='ocrx_word' id='word_1_479' title='bbox 593 3388 696 3441; x_wconf 89' lang='lat' dir='ltr'>(duo</span> <span class='ocrx_word' id='word_1_480' title='bbox 727 3387 873 3442; x_wconf 80' lang='lat' dir='ltr'>sputa)</span> <span class='ocrx_word' id='word_1_481' title='bbox 899 3385 992 3431; x_wconf 84' lang='lat' dir='ltr'>Ino.</span> <span class='ocrx_word' id='word_1_482' title='bbox 1021 3384 1098 3444; x_wconf 79' lang='lat' dir='ltr'>Sg.</span> <span class='ocrx_word' id='word_1_483' title='bbox 1137 3386 1191 3428; x_wconf 81' lang='lat' dir='ltr'>da</span> <span class='ocrx_word' id='word_1_484' title='bbox 1221 3385 1331 3426; x_wconf 75' lang='lat' dir='ltr'>cene‘l</span> <span class='ocrx_word' id='word_1_485' title='bbox 1367 3384 1469 3440; x_wconf 81' lang='lat' dir='ltr'>(duo</span> <span class='ocrx_word' id='word_1_486' title='bbox 1500 3382 1676 3439; x_wconf 81' lang='lat' dir='ltr'>genera)</span> <span class='ocrx_word' id='word_1_487' title='bbox 1715 3380 1787 3436; x_wconf 80' lang='lat' dir='ltr'>Sg.</span> <span class='ocrx_word' id='word_1_488' title='bbox 1817 3379 1899 3437; x_wconf 63' lang='lat'>61².</span> <span class='ocrx_word' id='word_1_489' title='bbox 1946 3377 2066 3422; x_wconf 72' lang='lat' dir='ltr'>inda-</span> 
     </span>
    </p>
   </div>
  </div>
 </body>
</html>
