2336 3736
852 253 1123 286 raoommm
1152 253 1377 286 sonorus.
2021 241 2099 285 LV

138 379 262 421 quam
282 365 465 410 fortasse
494 381 647 410 manus
668 367 860 410 codicum
891 366 999 424 ipsa.
1059 365 1211 423 Itaque
1241 380 1336 409 cum
1358 365 1616 409 coniecturis
1646 366 1869 422 indulgere
1890 366 2103 409 interdum

136 452 404 495 cogeremur,
445 454 500 483 ne
538 440 585 482 in
613 440 669 482 iis
700 439 916 484 sectandis
946 446 1103 483 temere
1134 440 1444 482 incurreremus
1481 440 1527 481 in
1558 454 1741 482 errorem
1762 471 1773 491 ,
1813 446 1936 483 caute
1976 444 2104 494 atque

136 517 333 554 accurate
362 512 700 568 comparavimus
733 513 852 555 locos
884 503 1058 555 eosdem
1088 513 1205 554 varie
1235 512 1403 565 citatos,
1434 512 1684 567 praesertim
1718 527 1740 555 e
1762 510 1983 555 codicibus
2003 509 2103 554 Wb.

136 589 180 626 et
202 583 290 640 Sg.‚
321 598 500 640 quorum
522 600 630 642 quae
653 585 834 640 singulis
857 585 1026 641 paginis
1048 591 1091 628 et
1111 583 1320 627 columnis
1341 585 1670 639 continerentur,
1693 584 1851 628 tabulis
1873 588 1956 640 ope'
1975 583 2104 625 inter-

135 656 387 713 pretationis
418 656 628 713 Vulgatae
659 670 700 698 et
728 657 971 700 Priscianei
1004 657 1145 713 operis
1177 656 1382 700 confectis
1420 657 1493 712 (cf.
1529 656 1659 700 Beitr.
1682 658 1886 710 111257)
1918 656 2106 699 assecuti

135 744 313 772 eramus.
372 716 542 782 Quibus
572 730 729 772 tabulis
759 729 930 782 muniti,
971 734 1018 771 ut
1046 729 1242 786 exemplo
1273 736 1458 782 utamur,
1501 730 1740 772 certissima
1780 728 2105 771 ratiocinatione

137 801 360 845 statuimus
394 801 448 842 le't
478 801 554 858 (gl.
585 802 706 857 fidis)
738 808 780 844 et
810 810 871 844 att
900 802 977 858 (gl.
1008 802 1157 858 suber)
1200 817 1320 845 mero
1359 802 1509 845 calami
1548 803 1670 859 lapsu
1711 802 1872 859 scripta
1903 816 2000 844 esse
2029 815 2106 857 pro

134 874 189 916 te'c
218 873 296 931 (gl.
326 874 448 931 fidis)
480 873 551 932 Sg.
574 875 658 916 46⁶.
690 880 734 917 et
761 882 823 916 att
853 874 929 930 (gl.
961 875 1104 931 tuber)
1136 874 1307 936 Sg.61¹’.

246 946 487 1001 Praeterea,
519 954 566 989 ut
593 962 722 1004 quam
752 947 974 990 minimum
1005 961 1310 1004 occuparemur
1336 937 1556 990 ’veteribus
1588 947 1816 1000 erroribus,
1851 947 1990 990 editos
2024 947 2107 990 sal—

133 1026 216 1063 tem
246 1020 379 1063 libros
410 1020 647 1063 cambricos
676 1019 726 1062 L.
759 1019 911 1072 Land.,
944 1019 1063 1077 Leg.,
1094 1019 1212 1063 Mab.
1242 1020 1348 1079 (quo
1377 1020 1487 1063 libro
1517 1027 1564 1063 ut
1593 1020 1754 1063 diutius
1775 1026 2000 1073 uteremur,
2031 1035 2106 1062 no-

135 1095 200 1138 bis
239 1107 407 1151 quoque
436 1092 738 1136 liberalissime
777 1093 993 1136 concessit
1020 1092 1318 1136 Mauricius
1349 1091 1559 1149 Haupt)
1603 1101 1650 1143 et
1675 1094 1952 1136 aremoricum
1984 1093 2107 1144 Bab„

133 1182 240 1224 quos
271 1166 603 1223 perlustraverat
622 1172 783 1219 auctor,
818 1164 956 1208 denuo
986 1165 1072 1222 ipsi
1103 1165 1385 1219 excussimus,
1414 1165 1548 1208 multa
1581 1166 1874 1222 excerpsimus
1903 1166 1974 1209 vel
1993 1173 2107 1209 tran-

135 1239 398 1297 scripsimus,
431 1244 477 1281 ut
504 1253 783 1295 quaecunque
814 1239 1085 1281 continentur
1112 1239 1276 1295 Legum
1307 1238 1455 1281 codice
1484 1239 1777 1282 vetustissimo
1797 1240 1852 1282 A.
1914 1239 2109 1295 Denique

136 1314 249 1370 quod
279 1310 522 1356 accuratius
554 1311 818 1368 signavimus
839 1312 958 1355 locos
980 1327 1003 1355 e
1024 1311 1237 1355 Prisciani
1270 1326 1399 1367 opere
1420 1311 1584 1365 allatos,
1616 1313 1829 1355 interdum
1849 1313 2109 1370 asperiorem

134 1394 176 1431 et
206 1385 490 1429 difficiliorem
520 1400 756 1428 sermonem
785 1385 973 1442 levigare
1005 1401 1055 1427 ac
1085 1384 1251 1427 mollire
1281 1386 1475 1442 quamvis
1506 1386 1595 1427 miti
1625 1401 1755 1428 manu
1776 1386 1918 1429 conati
1949 1401 2107 1439 sumus,

134 1474 273 1517 pauca
300 1459 558 1501 mutavimus
587 1458 633 1501 in
662 1457 898 1512 Iudicibus,
930 1458 975 1501 id
1004 1458 1119 1501 haud
1149 1472 1432 1501 succensuros
1463 1459 1589 1501 nobis
1620 1474 1841 1515 speramus
1870 1459 2066 1502 lectores.

247 1532 468 1586 Ceterum,
507 1537 553 1574 ut
590 1532 643 1575 de
674 1530 770 1583 aliis
807 1547 962 1589 operae
998 1538 1171 1575 nostrae
1201 1530 1516 1587 impedimentis
1556 1538 1795 1584 taceamus,
1834 1533 1944 1575 sicut
1982 1532 2111 1574 animi

131 1605 482 1663 tranquillitatem
504 1606 570 1649 bis
599 1604 812 1648 turbatam
843 1605 1078 1658 sensimus,
1110 1620 1208 1648 cum
1238 1605 1481 1661 germanico
1512 1605 1694 1648 tumultu
1724 1605 1839 1648 illius
1870 1606 1992 1657 anni,
2027 1621 2109 1661 quo

134 1682 187 1725 ad
218 1695 327 1737 opus
360 1679 646 1732 accessimus,
677 1686 767 1721 tum
796 1677 922 1720 huius
953 1678 1055 1721 anni
1085 1678 1198 1721 bello
1228 1678 1458 1734 pertinaci,
1490 1678 1551 1721 ita
1580 1679 1648 1721 bis
1678 1678 1964 1722 laboravimus
1995 1679 2111 1720 infir-

132 1754 279 1797 mitate
306 1752 510 1808 corporis,
544 1759 587 1794 et
620 1766 712 1794 cum
741 1752 880 1808 prima
910 1750 1083 1808 plagula
1111 1751 1230 1807 prelo
1261 1752 1485 1808 supposita
1507 1759 1634 1804 esset,
1667 1759 1709 1793 et
1728 1752 1983 1809 nuperrime,
2017 1767 2110 1795 cum

131 1826 316 1884 praefari
336 1824 644 1881 coepissemus.
691 1823 837 1879 Quare
859 1825 896 1867 si
917 1825 961 1866 in
983 1830 1127 1878 tantae
1147 1824 1272 1867 molis
1294 1840 1423 1882 opere
1444 1825 1593 1880 (etiam
1614 1831 1713 1881 post
1734 1840 1934 1881 magnum
1963 1839 2110 1867 nume-

131 1916 225 1943 rum
256 1914 414 1951 eorum,
448 1912 557 1954 quae
588 1897 633 1939 in
660 1898 746 1940 fine
776 1898 875 1941 libri
906 1897 1103 1940 addenda
1132 1897 1201 1940 vel
1229 1898 1484 1954 corrigenda
1512 1898 1874 1955 significavimus)
1905 1898 2111 1941 correctis

128 1973 271 2016 multis
292 1972 426 2015 multa
456 1970 561 2013 vitia.
589 1986 669 2013 nos
688 1970 853 2028 fugisse
882 1971 1117 2028 apparebit,
1151 1986 1237 2013 uon
1258 1971 1523 2021 mirabimur-3
1555 1972 1684 2014 immo
1715 1971 1849 2014 multo
1878 1971 2002 2028 plura
2021 1985 2111 2014 cre-

128 2047 267 2089 dimus
299 2045 517 2088 detectum
546 2044 611 2098 iri,
644 2058 739 2087 cum.
768 2044 976 2101 prodierit
1005 2044 1135 2087 editio
1167 2044 1330 2088 codicis
1351 2044 1441 2097 Ml,
1475 2060 1600 2101 quam
1621 2051 1744 2101 parat
1772 2043 1826 2088 Gr.
1847 2044 1882 2089 I.
1906 2044 2109 2096 Ascoli,

129 2120 200 2163 vel
229 2134 323 2162 cum
345 2118 503 2162 editum
535 2118 615 2160 erit
645 2132 816 2160 carmen
837 2119 1067 2171 cornicum,
1100 2118 1214 2174 quod
1244 2133 1382 2174 nuper
1402 2118 1621 2160 inventum
1645 2132 1740 2161 esse
1763 2117 1969 2160 audimus.
2022 2116 2109 2160 Sed

130 2192 361 2250 opprobret
387 2191 527 2243 nobis,
558 2191 631 2247 qui
653 2191 781 2244 volet,
814 2191 939 2234 modo
961 2191 1157 2247 corrigat.

245 2298 425 2351 Pilae,
456 2297 611 2342 Idibus
641 2297 954 2341 Decembribus
988 2299 1106 2342 1870.

1347 2354 1683 2398 Hermannus
1715 2353 1854 2397 Guil.
1885 2353 2026 2396 Ebel.
