2336 3736
256 220 338 262 698
381 220 473 262 (662.
491 221 573 261 663)
874 215 951 261 IV.
982 219 1020 261 3.
1065 230 1125 261 De
1154 228 1587 264 coumncrxonmus.

255 358 302 383 en
332 335 432 384 ereis
461 358 528 384 ma
560 342 691 394 calon,
719 356 766 384 en
798 356 911 396 creys
939 357 1008 384 ma
1037 342 1168 395 calon,
1197 357 1246 384 en
1276 343 1378 384 creis
1407 359 1475 385 ma
1505 345 1648 386 condet
1677 344 1738 400 (in
1772 344 1914 387 medio
1945 359 2042 388 meo
2073 340 2222 401 eorde)

254 408 342 451 MJ.
374 411 426 452 25
438 410 476 451 b.
511 411 590 452 193
605 410 642 451 b.
672 410 773 452 81b.
824 424 872 451 en
903 411 1006 452 creis
1034 426 1092 451 un
1124 410 1188 451 bez
1229 409 1295 464 (in
1315 411 1463 453 *medio
1495 411 1713 469 sepulcro)
1757 414 1834 455 175
1848 413 1888 455 b.
1935 427 1984 455 en
2013 415 2117 455 creis
2151 428 2222 455 ma

256 477 385 533 hebai-cs
415 491 455 517 ez
487 477 656 519 crac-her
686 477 751 532 (in.
774 477 955 520 mediam
984 476 1136 519 faciem
1165 492 1303 520 meam
1325 478 1598 535 sputabitur),
1632 494 1680 521 en
1701 481 1802 521 creis
1830 480 1880 521 ho
1901 480 2019 522 valon
2042 480 2114 535 (in
2134 495 2222 523 me-

255 544 370 585 dium
409 559 483 585 cor
512 545 723 599 vestrum)
767 546 867 587 339..
897 545 949 587 39
963 545 1002 587 b.
1049 558 1098 586 en
1137 545 1198 585 tal
1227 561 1282 586 an
1313 545 1378 588 bez
1407 561 1486 602 yen
1523 546 1589 600 (in
1619 545 1776 600 fronte,
1814 562 1950 604 prope
1982 548 2223 604 sepulcrum

252 611 459 666 gelidum)
495 612 574 654 192
589 627 624 653 a.
663 626 710 653 en
741 619 812 653 tan
842 612 1035 666 equile-hen
1066 613 1263 654 sathanas
1291 613 1355 669 (in
1386 613 1635 669 igne-iuxta
1666 615 1878 670 satanam)
1909 615 2013 658 9910.
2050 630 2096 657 oz
2123 614 2223 657 Ῐια-νε

252 695 306 720 an
337 693 426 720 men
456 694 566 732 man,
598 694 644 721 oz
673 681 772 722 lcars
800 695 855 720 an
887 694 977 720 men
1009 680 1130 736 (post
1158 680 1342 737 lapidem
1371 680 1496 734 hunc,
1529 681 1574 722 in
1604 688 1724 737 tergo
1754 682 1803 737 1.)
1833 681 1943 724 Buh.
1965 683 2031 735 96,
2054 683 2093 724 9.
2120 682 2184 725 19.

362 745 465 788 Alia
494 747 686 804 sequitur
715 746 994 803 praepositio:
1028 754 1105 789 tos&
1135 762 1211 789 ouz
1239 747 1304 789 hez
1334 764 1402 790 ma
1430 757 1580 791 metron
1609 750 1762 806 (prope
1787 749 2031 806 sepulcrum
2062 749 2222 792 domini

249 813 352 868 mei)
386 812 478 856 MJ.
503 815 581 856 192
594 816 631 857 b.
672 822 747 855 eost
783 814 868 855 <lan
899 828 989 855 mor
1019 817 1198 857 armario
1236 816 1390 872 (prope
1426 832 1542 859 mare
1574 817 1871 871 aremoricum3
1911 817 2008 860 hod.
2040 817 2116 859 adet
2145 817 2221 874 cla)

249 880 356 923 Buh.
393 882 486 935 148,
516 883 583 924 21.
631 881 685 921 cla
717 881 882 922 arlauest
918 898 943 922 a
975 890 1051 923 tost
1079 883 1164 924 dan
1193 897 1284 925 mor
1314 898 1362 925 en
1391 900 1444 925 vn
1463 884 1598 938 forest
1633 885 1707 941 (ad
1746 884 2056 941 expectandas,
2093 884 2221 939 feras,

249 964 382 1005 prope
412 964 528 991 mare
558 949 602 991 in
635 949 763 1004 silva)
798 949 864 1002 32,
891 952 932 1002 13
973 949 1024 992 cf.
1056 965 1081 990 α
1114 958 1189 991 tost
1217 945 1490 1006 (‘oominus')
1524 950 1646 995 Cath.
1703 951 1974 996 Gallicanum
2000 952 2224 1009 palamom'

251 1010 496 1074 (propter’)
530 1015 679 1059 Cath.:
716 1017 942 1073 palamow'
965 1018 1067 1074 92an
1097 1018 1152 1058 da
1181 1031 1278 1060 roen
1313 1035 1368 1060 an
1400 1019 1462 1060 bet
1498 1019 1636 1074 (certo
1672 1028 1848 1077 propter
1875 1034 2024 1077 regem
2051 1019 2222 1077 mundi)

249 1084 356 1127 Buh.
379 1086 417 1137 6,
441 1085 495 1127 24
517 1092 597 1127 etc.
1358 1095 1367 1107 ”

363 1153 587 1196 Cambrico
609 1152 679 1205 hit,
704 1152 819 1206 belm,
843 1154 917 1206 bec,
941 1152 1011 1207 byt
1041 1152 1301 1209 significanti
1332 1154 1404 1196 lat.
1434 1154 1502 1207 acl,
1536 1168 1661 1210 usque
1681 1154 1749 1207 ad,
1780 1155 2043 1210 respondent
2059 1153 2223 1198 formae

250 1222 508 1264 aremoricae
539 1220 851 1276 frequentiores
883 1220 1012 1273 BET,
1044 1219 1164 1262 BED
1195 1221 1265 1263 vel
1294 1220 1457 1264 BEDE
1490 1222 1552 1277 (Ξ
1585 1224 1739 1265 cambr.
1774 1223 1835 1264 bet
1863 1223 1920 1270 in,
1954 1222 2015 1264 bet
2043 1224 2071 1276 i,
2104 1236 2221 1265 corn.

249 1289 319 1344 bys
345 1289 431 1345 yn?
470 1304 525 1332 an
556 1309 597 1324 =
628 1288 724 1330 hod.
758 1288 819 1329 bet
847 1303 909 1339 ec,
947 1288 974 1331 i.
1008 1303 1044 1330 e.
1077 1287 1139 1329 bet
1167 1288 1285 1343 ac?):
1326 1288 1402 1331 bed
1425 1293 1584 1345 patric,
1618 1290 1695 1332 bed
1723 1291 1842 1346 devy,
1883 1289 1980 1332 bede
2002 1290 2220 1346 patricius,

250 1356 344 1398 bede
375 1357 477 1412 devy
508 1356 583 1412 (ad
613 1354 867 1409 Patricium,
899 1355 1208 1411 Davidagium)
1239 1355 1346 1397 Buh.
1381 1359 1417 1409 6,
1447 1359 1507 1400 15.
1544 1359 1636 1411 196,
1666 1361 1730 1400 11.
1763 1359 1802 1409 2,
1825 1357 1863 1400 3.
1899 1357 1993 1411 198,
2018 1358 2081 1400 10.
2127 1356 2223 1399 bede

247 1425 444 1467 hiber-don
469 1425 533 1479 (in
553 1423 830 1478 Hiberniam)
856 1426 920 1476 14,
946 1425 1009 1465 14.
1072 1422 1179 1467 Cum
1211 1424 1390 1466 articulo
1422 1424 1516 1466 bede
1546 1441 1613 1479 an,
1647 1426 1789 1468 boden:
1821 1426 1929 1467 dena·
1959 1424 2054 1467 bede
2083 1441 2139 1468 an
2168 1425 2222 1467 les

248 1493 399 1546 celestel
427 1492 549 1548 (veni
581 1492 634 1535 ad
656 1491 796 1534 aulam
818 1490 1067 1546 caelestem)
1094 1492 1185 1544 146,
1215 1491 1276 1533 12.
1319 1492 1440 1534 duee.
1460 1526 1468 1533 .
1488 1526 1496 1534 .
1520 1493 1643 1535 bederz
1666 1494 1911 1550 predicator
1941 1492 2065 1534 beden
2094 1492 2222 1534 cador

248 1562 296 1601 (Ie
325 1561 443 1602 enom’
470 1559 635 1616 (venite
665 1560 719 1602 ad
749 1558 1098 1615 praedicatorem,
1132 1559 1185 1600 ad
1208 1558 1455 1601 cathedram
1486 1560 1539 1603 ad
1560 1575 1655 1604 eum
1685 1560 1997 1617 honorandum)
2029 1560 2096 1614 76,
2111 1561 2158 1602 ⁴7.
2180 1559 2220 1602 8.

247 1628 319 1668 cloe
348 1629 402 1669 ha
433 1628 510 1668 den
541 1644 567 1668 α
596 1641 694 1668 voue
722 1628 832 1668 scuiz
863 1634 980 1668 stane
1004 1634 1109 1681 qam
1137 1627 1222 1667 calo*
1252 1640 1414 1681 anquen
1446 1627 1569 1669 beden
1599 1644 1722 1671 maru
1749 1644 1828 1686 yen
1867 1630 1993 1685 (deus
2025 1634 2068 1671 et
2096 1628 2220 1670 homo

247 1696 318 1751 qui
359 1695 554 1738 defessus
598 1694 676 1736 fuit
714 1693 821 1736 adeo
856 1708 1014 1749 magna
1050 1708 1252 1736 aerumna
1292 1709 1428 1750 usque
1464 1696 1517 1737 ad
1558 1702 1733 1739 mortem
1768 1696 1985 1754 frigidam)
2030 1696 2122 1749 102,
2155 1697 2219 1738 15.

246 1764 391 1805 dinam
425 1763 548 1804 bederz
566 1762 705 1816 finuez
744 1761 860 1816 (sine
892 1761 1059 1803 macula
1089 1777 1224 1818 usque
1256 1762 1309 1803 ad
1340 1761 1487 1816 finem)
1521 1763 1612 1816 104,
1644 1765 1682 1806 5.
1745 1763 1855 1808 Cum
1894 1763 2219 1822 pronominibus

247 1831 412 1873 suffixis
453 1831 528 1872 bed
557 1831 695 1885 enhaff
729 1830 806 1885 (ad
837 1829 975 1884 eum),
1016 1828 1078 1870 bec
1107 1830 1210 1884 enhy
1248 1829 1323 1884 (ad
1355 1844 1463 1882 eam3
1505 1830 1557 1872 cf.
1588 1847 1628 1888 p.
1653 1832 1777 1887 672);
1821 1833 1898 1875 sed
1929 1831 2057 1875 etiam
2096 1831 2217 1873 bedec

245 1899 384 1954 enhaff
411 1898 486 1953 (ad
519 1900 634 1953 eum)
664 1897 774 1940 Buh.
809 1897 900 1949 184,
929 1898 992 1940 18.
1054 1895 1176 1953 HOd·.
1201 1896 1283 1939 bete
1314 1903 1412 1939 ante
1443 1912 1679 1952 consonas,
1714 1899 1840 1956 beteq,
1875 1900 1982 1942 betelc
2012 1904 2111 1942 ante
2138 1913 2218 1941 vo-

247 1967 374 2019 cales,
407 1966 521 2022 apud
550 1965 741 2008 Venetos
771 1971 914 2007 tamen
943 1972 986 2008 et
1007 1965 1068 2006 bet
1097 1971 1139 2007 et
1169 1963 1270 2017 beta,
1304 1965 1438 2022 ὑείας,
1472 1980 1568 2008 cum
1597 1982 1718 2023 pron.
1742 1968 1850 2026 betey
1871 1983 2045 2022 eunoun,
2075 1971 2219 2011 venet.

247 2035 308 2075 bec
338 2049 474 2076 ore-me
503 2034 659 2090 (usque
692 2033 745 2075 ad
775 2033 876 2089 me).

938 2430 1158 2485 CAPUT
1193 2431 1443 2486 TERTlU
1454 2431 1521 2483 M.

959 2551 1034 2602 De
1074 2554 1514 2603 coniunctionibus.

361 2687 697 2731 Coniunctiones
741 2703 849 2743 quae
889 2688 1124 2730 sententias
1164 2688 1233 2730 vel
1262 2703 1392 2731 voces
1429 2703 1517 2730 non
1548 2687 1687 2730 solum
1718 2689 1942 2745 copulant,
1981 2687 2058 2730 sed
2094 2686 2220 2730 etiam

255 2757 491 2812 disparant,
525 2764 784 2811 comparant,
818 2763 1053 2812 opponunt,
1085 2761 1127 2797 et
1147 2755 1266 2797 vario
1295 2757 1422 2800 modo
1444 2757 1563 2799 iuxta
1582 2763 1758 2813 ponunt,
1790 2757 1836 2798 in
1865 2755 2024 2812 linguis
2054 2754 2221 2807 celticis

245 2824 358 2865 sicut
400 2831 567 2865 ceterae
596 2823 832 2879 particulae
870 2829 943 2864 aut
978 2822 1221 2878 primitivae
1260 2830 1378 2876 sunt,
1416 2824 1665 2880 plerumque
1702 2823 2044 2880 monosyllabae,
2082 2822 2220 2866 rarius

248 2890 502 2945 bisyllabae,
535 2897 607 2931 aut
637 2906 690 2932 ex
720 2890 817 2932 aliis
850 2890 1055 2932 orationis
1086 2891 1280 2946 partibus
1312 2891 1576 2948 desumptae,
1608 2899 1654 2934 ut
1685 2907 1706 2933 e
1736 2891 1923 2944 nomine,
1956 2889 2220 2948 pronomine,

251 2958 658 3014 praepositionibus,
692 2972 801 3014 quae
832 2957 901 2999 vel
931 2972 1008 3013 per
1039 2973 1084 3000 se
1116 2964 1333 3014 ponuntur
1360 2959 1430 3001 vel
1462 2960 1777 3015 coniunguntur
1805 2959 1915 3001 inter
1945 2973 2004 3001 se.

736 3183 770 3230 I.
835 3182 1321 3233 Coniunctiones
1358 3183 1736 3232 hibernicae.

362 3319 396 3357 1.
444 3315 730 3371 Coniuncti
743 3333 766 3359 o
782 3333 810 3358 n
823 3332 875 3359 es
905 3317 1209 3374 primitivae
1240 3318 1308 3360 vel
1339 3317 1599 3361 obscurioris
1631 3317 1808 3373 originis
1823 3350 1834 3370 ,
1865 3315 2101 3360 secundum
2131 3315 2222 3358 affi-

247 3384 424 3426 nitatem
456 3384 785 3439 significationis
817 3384 1066 3441 dispositae.
