2336 3736
494 284 736 317 Arrnnnnt.
780 283 981 315 Gnoss-An
1010 282 1270 314 omniumr:
1301 281 1597 314 oxouinssns.
1644 270 1883 310 (1085·10⁸6)
1925 268 2030 311 1057

66 411 192 454 quam
227 396 382 439 multos
419 396 584 440 advena
621 395 745 438 torsit
773 394 967 450 Amori).
1015 395 1233 436 ordometio
1272 394 1351 450 (gl.
1384 393 1563 446 domito,
1603 391 1718 449 quod
1758 390 1891 434 defuit
1929 390 2032 442 orbi,

68 463 217 518 addit).
270 463 324 504 ha
355 464 596 506 arcibo-enon
633 462 710 518 (gl.
743 461 937 518 sepulti).
991 465 1037 503 ni
1065 461 1484 518 cez'nyuodeimisauch
1527 460 1603 516 (gl.
1635 475 1722 502 non
1751 460 1862 502 bene
1892 472 2033 514 passa,

68 531 210 586 signa:
257 528 416 572 Parthe
456 530 577 572 dabis
615 542 801 586 poenas,
842 527 991 572 Crassi
1022 529 1203 583 gaudete
1235 527 1390 584 sepulti
1429 528 1637 583 signaque
1675 525 1920 569 barbaricas
1950 539 2037 566 non

67 598 178 640 bene
210 611 343 651 passa
360 597 545 652 manus).

180 662 291 719 (39⁹)
330 663 599 705 cenitolaidou
628 663 705 719 (gl.
736 666 922 706 natales:
962 664 1124 719 parcite
1154 663 1339 716 natales,
1378 661 1533 715 timidi,
1573 677 1794 704 numerare
1825 660 2031 715 deorum)-

68 745 166 787 map
203 730 441 772 bretkinnou
477 730 554 787 (gl.
584 731 630 773 in
661 731 819 786 cunis).
870 730 939 771 Irin
977 745 1074 785 map
1104 729 1214 772 diiob
1251 729 1327 786 (gl.
1360 728 1461 772 Iove
1491 729 1668 785 dignus:
1707 729 1752 770 in
1794 728 1916 771 cunis
1955 727 2039 770 iam

71 797 172 840 love
203 797 357 854 dignus
388 797 511 852 erat).
556 798 710 839 ocoilou
741 798 818 854 (gl.
849 796 1090 853 auspiciis).
1137 797 1537 852 orquordz'minntius
1570 797 1646 852 (gl.
1678 796 1732 838 ab
1762 795 1933 849 invito).
1971 794 2036 836 di-

71 865 176 908 litau
212 864 289 920 (gl.
327 863 472 907 Latio:
513 880 613 926 eoas
652 865 777 909 Latio
816 864 945 908 addat
983 863 1123 921 opes).
1166 870 1265 919 yart
1294 878 1412 919 paup
1451 864 1526 918 (gl.
1568 855 1816 917 consistes).
1871 861 2041 902 nerana·

73 931 150 988 (gl.
179 931 421 976 hortabere:
468 933 679 976 consistes
709 932 930 989 aciemque
958 931 1065 975 meis
1097 930 1319 972 hortabere
1353 930 1528 983 verbis).
1576 931 1647 972 hin
1677 931 1853 973 eetlinau
1882 930 1923 970 ir
1954 928 2039 970 leia

76 1124 144 1158 adi.
162 1123 269 1167 drwy,
295 1125 417 1166 malus,
444 1123 563 1167 droch,
587 1125 673 1170 droy
697 1125 735 1159 in
751 1125 847 1167 Voc.,
873 1124 965 1171 quod
990 1122 1081 1158 redit
1096 1123 1139 1158 ad
1167 1126 1340 1157 vetustum
1359 1121 1460 1156 ἄνους
1485 1124 1614 1167 pariter
1639 1125 1743 1167 atque
1766 1123 1803 1156 in
1822 1122 1967 1156 vetustis
1990 1121 2041 1156 hi-

80 1168 227 1203 bernicis
245 1168 433 1211 codicibus,
451 1169 547 1215 droq,
564 1171 674 1205 malus
693 1170 750 1213 (cf.
766 1181 800 1216 p.
820 1173 908 1211 857),
934 1172 969 1204 et
992 1168 1078 1214 tro'y,
1104 1169 1222 1203 miser:
1248 1166 1325 1213 croy
1352 1168 1439 1201 insin
1455 1169 1628 1210 (miserum
1646 1168 1724 1210 hoc)
1740 1168 1906 1202 Wb.19⁶.
1942 1172 2044 1211 truay

75 1214 166 1249 insin
181 1215 220 1248 iu
236 1214 385 1250 disticho
402 1215 531 1251 codicis
547 1216 602 1261 Sg.
622 1218 669 1261 (p.
686 1217 778 1258 954).
815 1226 902 1261 repo
919 1213 1020 1260 thro'y
1037 1214 1120 1248 laiss
1145 1214 1204 1259 (gl.
1222 1215 1383 1248 misertus
1400 1216 1453 1247 est
1467 1214 1577 1249 nostri
1594 1214 1693 1254 deus)
1717 1213 1797 1248 Wb.
1812 1214 1883 1247 21⁶.
1921 1212 2041 1257 troya'n

78 1260 137 1306 (gl.
161 1260 326 1301 misellus,
349 1261 415 1306 leg.
440 1259 577 1306 tro'ydn)
602 1262 625 1296 S
651 1265 747 1296 ‚480.
797 1261 846 1297 cf.
874 1263 1009 1296 vetusta
1031 1260 1172 1296 nomina
1196 1260 1326 1304 Trogus
1352 1259 1559 1304 (Pompeius,
1584 1258 1730 1300 Gallus),
1753 1258 1889 1304 Trogmi
1913 1259 2044 1302 (p.23).

75 1315 151 1339 mor
177 1304 277 1346 linus,
303 1315 407 1351 quam
432 1307 549 1341 multi!
575 1273 654 1342 hog.
673 1307 806 1349 lluaws,
831 1307 897 1341 adi.
923 1306 1065 1347 multus,
1090 1306 1259 1350 frequens,
1284 1305 1392 1338 subst.
1420 1305 1531 1339 lle'aws
1556 1304 1771 1346 (multitudo)
1794 1303 1884 1339 nab.
1910 1307 1941 1345 ἱ),
1967 1306 2044 1338 245.

79 1350 129 1387 Cf.
156 1354 224 1386 vet.
249 1350 318 1385 hib.
344 1351 394 1386 lia
417 1354 465 1398 (p.
483 1354 574 1394 277).
622 1364 664 1387 or
688 1352 850 1395 dometae'c,
879 1353 924 1397 gl.
949 1352 1097 1393 domito,
1128 1351 1152 1386 i.
1177 1361 1205 1385 e.
1239 1362 1260 1385 a
1284 1350 1428 1391 domito,
1460 1351 1540 1385 orbe
1571 1350 1696 1385 defuit:
1729 1349 1888 1391 dometio,
1921 1349 2045 1394 partic.

77 1399 187 1448 praet.
210 1406 315 1442 pass,
339 1397 419 1433 hod.
446 1396 598 1443 dofhdiq,
621 1398 785 1440 domitus,
809 1410 830 1433 a
854 1398 957 1433 verbo
981 1397 1058 1442 clofi,
1084 1398 1236 1436 domare;
1262 1396 1329 1430 adi.
1350 1396 1416 1439 dos
1436 1398 1476 1433 (ε
1496 1396 1583 1438 dom,
1606 1406 1713 1441 germ.
1728 1406 1824 1436 εαπις
1849 1395 1942 1440 goth.
1960 1400 2045 1428 tam·

69 1453 153 1488 jan,
179 1441 346 1485 domare),
372 1446 593 1485 mansuetus,
618 1444 728 1479 subst.
754 1442 901 1489 dosaeth,
928 1443 1164 1477 mansuetudo.
1214 1441 1257 1475 Ιια
1283 1441 1498 1483 ανσίὸνεηοιι,
1523 1442 1566 1486 gl.
1592 1442 1730 1486 sepulti,
1756 1440 1888 1482 Crassi;
1924 1441 1948 1475 i.
1972 1450 2002 1474 e.
2027 1451 2045 1474 ο

79 1487 220 1533 putridi,
246 1489 336 1523 carie
360 1490 569 1534 consumpti,
595 1489 750 1535 decemp.
776 1488 1021 1530 ar-ci-brenov,
1046 1499 1086 1522 ex
1104 1499 1220 1521 ‹ir-co·
1245 1491 1291 1532 (p.
1309 1488 1388 1527 907)
1419 1491 1454 1521 et
1478 1488 1587 1521 subst.
1613 1487 1679 1521 adi.
1705 1486 1802 1528 bren,
1828 1486 1905 1522 hod.
1931 1484 2045 1526 braen,

78 1533 242 1578 putredo,
280 1535 458 1578 putridus,
497 1535 567 1571 hib.
600 1535 679 1572 hod.
710 1535 779 1570 adi.
810 1534 933 1576 bre'an,
968 1534 1146 1578 putridus,
1179 1536 1372 1578 corruptus.
1427 1532 1590 1567 Eiusdem
1628 1532 1755 1567 radicis
1792 1535 1844 1566 est
1875 1531 1946 1566 hib.
1978 1533 2046 1565 vet.

80 1577 200 1613 bream
229 1578 266 1613 in
298 1579 354 1615 Ml.
380 1581 459 1615 22b:
497 1591 563 1615 ant.
595 1581 703 1615 eluces
736 1580 940 1615 anadnaeul
968 1578 1169 1613 nersoilcthe
1199 1578 1298 1613 nitete
1329 1576 1391 1610 imi
1422 1581 1440 1611 7
1474 1577 1568 1612 dute't
1597 1576 1715 1612 bre'ntm
1737 1588 1777 1612 as
1801 1576 1852 1612 εἰσ
1875 1581 1926 1612 eat
1944 1581 2047 1622 yutor

80 1635 194 1658 eorum
217 1625 229 1665 (
254 1624 274 1658 1.
301 1626 533 1670 sepulcrorum
561 1627 633 1661 vice
657 1627 755 1671 longe
780 1627 951 1661 horrorem
977 1626 1115 1659 foetoris
1143 1627 1320 1664 cructant3
1347 1624 1367 1657 i.
1386 1633 1414 1659 e.
1436 1624 1527 1658 sieut
1550 1626 1647 1659 vorat
1662 1623 1858 1668 sepulcrum
1876 1625 2045 1667 apertum,

81 1670 222 1715 quicqui
269 1671 298 1704 it
321 1671 359 1705 in
383 1671 436 1714 id,
469 1674 504 1706 et
529 1673 645 1716 prodit
667 1672 774 1707 foetor
797 1683 839 1706 ex
863 1674 932 1713 eo),
967 1670 1020 1705 vel
1044 1669 1177 1704 bre'c'nce
1200 1671 1237 1704 in
1263 1669 1317 1704 Gr.
1344 1670 1422 1703 34¹⁷:
1455 1668 1629 1704 obre'iuciu
1652 1669 1709 1714 (gl.
1736 1679 1756 1703 a
1779 1668 1895 1709 carie).
1943 1667 2046 1703 Verb.

82 1713 233 1749 &remim
264 1716 321 1761 (gl.
346 1719 463 1761 puteo)
496 1716 607 1752 Gorm.
633 1717 672 1752 B.
692 1722 803 1770 putte.
851 1716 1011 1752 Notanda
1042 1719 1094 1750 est
1125 1717 1257 1749 usitata
1288 1715 1582 1749 substantivorum
1615 1714 1811 1748 terminatio
1841 1713 1986 1759 pluralis
2010 1713 2048 1747 in

82 1761 267 1802 adieetivo,
299 1766 340 1795 ut
371 1768 419 1796 -ec
448 1763 485 1796 in
517 1762 767 1798 bronnbreztlaet
794 1762 897 1798 infra.
947 1761 985 1795 ni
1006 1760 1371 1806 ceinyuodez‘mzsauch,
1402 1760 1447 1805 gl.
1471 1770 1541 1794 non
1572 1761 1658 1795 bene
1682 1769 1803 1805 passa,
1828 1760 1953 1804 signa,
1978 1759 2001 1793 i.
2018 1769 2048 1794 e.

82 1817 151 1842 non
182 1806 268 1841 bene
298 1817 400 1852 passa
431 1809 529 1843 estis:
567 1807 842 1854 quodeimisauch
868 1813 914 1852 (p.
934 1810 1029 1847 525st
1069 1807 1161 1840 verb.
1195 1807 1271 1841 hod.
1295 1805 1437 1850 godelef,
1483 1806 1575 1850 pati,
1611 1804 1829 1850 yoddefaint,
1867 1803 2046 1849 patientia,

83 1855 186 1897 atque
210 1851 372 1898 dyoddes,
398 1853 637 1907 dyocldcgfaint,
663 1854 812 1889 inMab.
838 1852 969 1897 diocles,
996 1851 1233 1898 diodevucynt,
1260 1851 1465 1885 dc‘odeiueint
1489 1854 1530 1892 (=
1558 1854 1622 1886 vet.
1649 1850 1862 1896 doyuodecm,
1897 1861 1931 1895 p.
1957 1851 2047 1892 907).

83 1897 177 1932 Idem
201 1899 295 1933 verb.
319 1898 390 1934 hib.
413 1904 479 1934 vet.
497 1898 694 1943 sodaimim,
721 1900 813 1934 unde
840 1898 949 1933 subst.
966 1897 1101 1943 foditiu
1127 1899 1174 1942 (p.
1194 1900 1284 1939 800).
1334 1896 1527 1942 ceinyuocl.,
1559 1906 1706 1941 compos.
1741 1898 1782 1930 ut
1803 1895 1908 1930 verba
1930 1905 2046 1930 reeen-

84 1944 180 1978 tioris
204 1942 342 1989 linguae
366 1943 537 1990 eeinmyyu
559 1946 764 1988 (honorare),
790 1944 980 1990 ceinow'reu
1004 1943 1248 1988 (cern-offam,
1276 1941 1392 1984 -redu,
1421 1943 1507 1977 bene
1533 1943 1640 1984 coire,
1664 1941 1899 1983 concordare),
1923 1942 1958 1977 et
1981 1943 2049 1976 vet.

81 1989 152 2044 hi'b.
179 1988 359 2068 cgineperr
379 1990 436 2035 (gl.
464 1991 548 2025 bene
572 1990 709 2032 dicitur,
735 2001 755 2025 a
778 1979 902 2036 poetis)
928 1990 985 2034 Sg.
1011 1991 1106 2023 215⁸.
1155 1988 1233 2024 Adi.
1259 1988 1355 2027 eain,
1390 1988 1436 2033 pl.
1462 1988 1608 2029 ceine'on,
1633 1987 1793 2033 pulcher,
1816 1987 1946 2030 clarus3
1978 1986 2050 2022 hib.

83 2045 171 2077 cam,
221 2044 318 2069 onus.

173 2081 261 2122 (39⁶)
286 2080 531 2122 cenitolaidou‚
563 2082 600 2116 in
624 2081 741 2115 codice
764 2079 971 2122 nicolaidou,
1001 2082 1041 2113 ut
1073 2080 1182 2124 primo
1208 2081 1349 2124 aspectu
1374 2079 1532 2113 videatur
1555 2079 1725 2123 seriptum
1748 2076 1943 2118 utolaidou3
1980 2087 2049 2123 qua

82 2127 165 2160 nota
188 2135 267 2161 cum
293 2129 331 2160 in
355 2127 540 2161 hibernicis
566 2127 742 2161 codicibus
766 2125 895 2171 pariter
919 2129 1023 2170 atque
1048 2126 1086 2159 in
1109 2125 1228 2160 latinis
1246 2123 1460 2168 significetur
1479 2134 1568 2164 eom,
1593 2124 1630 2157 in
1648 2122 1828 2157 cambricis
1853 2133 1938 2164 cerv,
1966 2132 2049 2156 cem-

81 2173 162 2214 (rec.
188 2182 280 2218 eyw,
307 2173 412 2217 cufi),
436 2182 507 2206 non
532 2172 653 2214 timeo,
687 2183 729 2206 ne
754 2171 838 2207 falso
862 2172 972 2217 legam
998 2170 1241 2211 cenitolaidou,
1266 2170 1459 2204 derivatum
1486 2180 1504 2203 e
1528 2169 1637 2203 subst.
1664 2168 1802 2209 cenitol,
1829 2168 1945 2211 cenitl,
1970 2167 2050 2203 hod.

82 2215 207 2258 cenedl,
232 2227 351 2271 genus,
375 2218 560 2262 generatio.
607 2218 898 2252 Terminationem
923 2216 1045 2250 -aidou
1070 2226 1113 2250 ne
1138 2216 1214 2259 quis
1239 2216 1410 2260 opinetur,
1435 2215 1477 2249 ob
1502 2215 1560 2249 lat.
1585 2214 1719 2248 natales
1742 2212 1866 2249 finiens
1893 2214 1930 2248 in
1954 2213 2048 2254 -αῐίε,

81 2272 154 2297 esse
179 2262 424 2297 derivationem
450 2263 695 2298 adjectivorum
722 2264 936 2309 frequentem
961 2261 1064 2296 -aidd
1084 2262 1266 2295 hodiernae
1290 2261 1446 2306 linguae,
1480 2260 1740 2294 convenientem
1772 2269 1851 2294 cum
1882 2259 1941 2294 lat.
1966 2259 2050 2300 dlis,

81 2308 193 2350 ·aris,
217 2311 260 2343 ut
283 2309 321 2343 in
343 2308 525 2350 ⁹nabaia'd,
551 2309 703 2354 puerilis,
725 2307 900 2354 ywraidd,
924 2307 1034 2342 virilis
1058 2310 1134 2349 ete„
1163 2306 1285 2348 obstat,
1311 2306 1401 2351 quod
1425 2305 1595 2340 eiusmodi
1618 2305 1787 2340 adiectiva
1812 2305 1850 2339 in
1873 2305 1964 2350 plur.
1988 2306 2049 2338 aut

81 2363 152 2388 non
175 2355 378 2395 mutantur,
411 2358 473 2389 aut
502 2355 537 2389 in
571 2353 722 2389 -eiddion
754 2354 1001 2392 terminantur3
1037 2354 1137 2387 vetus
1163 2352 1270 2397 igitur
1295 2351 1357 2386 hoc
1383 2349 1613 2385 cem'tolaidcu
1636 2350 1724 2385 nihil
1748 2350 1842 2385 aliud
1866 2353 1919 2384 est
1943 2360 2046 2396 quam

82 2398 160 2433 hod.
184 2398 433 2441 emedlaetkau,
458 2401 705 2445 generationes,
731 2410 751 2433 a
774 2400 863 2444 sing.
890 2397 1081 2432 cmedtaeth
1105 2408 1183 2432 cum
1207 2397 1352 2432 formula
1376 2395 1469 2431 ·aetk
1493 2397 1625 2441 scripta
1647 2395 1686 2430 in
1710 2396 1885 2430 codicibus
1901 2395 2046 2430 vetustis

82 2443 162 2479 -aid
183 2446 257 2490 (pp.
285 2448 361 2481 150.
387 2447 478 2487 156).
526 2456 607 2491 map
633 2444 843 2487 brethinnou,
866 2444 910 2489 gl.
934 2443 970 2478 in
995 2443 1106 2485 cunis,
1133 2443 1154 2477 i.
1180 2452 1209 2477 e.
1233 2453 1320 2487 puer
1344 2452 1522 2483 cunarum,
1546 2440 1748 2482 fasciarum,
1773 2440 1883 2475 subst.
1909 2439 2048 2485 bretkyn

82 2492 246 2535 (pannus)
271 2490 363 2525 nab.
388 2494 419 2531 2,
446 2493 524 2532 382,
549 2491 627 2526 hod.
653 2489 802 2536 bmthyn,
825 2490 874 2535 pl.
897 2488 1096 2534 breekynau,
1122 2497 1225 2523 sensu
1249 2488 1357 2540 magis
1380 2487 1566 2528 communi,
1592 2487 1706 2521 vestis.
1743 2485 1802 2520 kin
1823 2496 1904 2531 map
1930 2484 1969 2519 di
1981 2485 2048 2526 iob,

80 2535 127 2582 gl.
151 2535 230 2571 Iove
253 2535 398 2581 dignus,
422 2537 444 2570 i.
471 2547 499 2571 e.
524 2539 565 2570 ut
587 2535 680 2570 filius
705 2535 813 2571 Iovis:
847 2534 917 2576 Irin,
942 2534 989 2576 in,
1010 2544 1057 2579 yn
1080 2536 1127 2578 (p.
1148 2536 1247 2575 616);
1284 2531 1319 2566 dv
1343 2532 1409 2576 iob,
1434 2533 1633 2579 genetivum
1657 2530 1856 2576 significans
1882 2532 1928 2576 (p.
1955 2532 2048 2571 929).

82 2591 102 2616 o
130 2580 255 2621 ooilou,
277 2580 387 2616 subst-
414 2580 495 2623 coil,
518 2581 723 2626 auspicium,
749 2580 953 2626 augurium,
976 2579 1070 2614 unde
1093 2579 1247 2614 derivata
1271 2578 1444 2619 elzuz'llae'oe,
1471 2576 1663 2622 chuiIlioyes
1693 2577 1771 2612 voe.
1797 2579 1832 2611 et
1856 2586 1967 2622 comp.
1991 2575 2047 2610 de-

81 2635 172 2662 nom.
198 2625 426 2661 etncoz'lkaam
449 2637 564 2672 supra.
610 2625 918 2672 yuordiminmiua,
952 2625 1053 2660 lectio
1077 2634 1147 2659 non
1171 2625 1255 2659 satis
1279 2626 1391 2664 certa,
1416 2633 1494 2658 eum
1519 2623 1609 2657 idem
1633 2622 1676 2657 ob
1700 2622 1843 2657 formam
1867 2622 2002 2656 litterae
2027 2632 2049 2655 a

83 2671 288 2751 guadratam
312 2672 488 2707 interdum
514 2675 619 2718 atque
644 2672 687 2706 ob
703 2673 846 2706 formam
870 2670 1005 2705 litterae
1028 2672 1201 2705 extremae
1225 2670 1421 2704 abnormem
1447 2671 1482 2703 et
1506 2670 1703 2713 suspectam
1728 2668 1793 2713 legi
1818 2667 1927 2712 possit
1946 2677 2048 2712 quor-

107 2716 287 2758 intimam,
310 2717 602 2762 9uordiminnaul,
623 2716 904 2762 quoi-diminuat.
939 2716 1150 2751 Terminatio
1173 2725 1254 2748 -aus
1279 2718 1319 2755 (ε
1345 2714 1400 2755 ἂ8;
1424 2725 1503 2748 nam
1530 2724 1610 2747 -aus
1634 2715 1846 2747 vetustorum
1871 2713 2048 2747 nominum

84 2762 297 2805 Nemausus,
328 2762 513 2798 carausius
537 2764 647 2798 codici
672 2765 789 2797 nostro
820 2765 911 2797 esset
933 2764 1022 2803 -ov⁸)
1053 2761 1109 2795 vix
1138 2761 1330 2801 invenitur-3
1363 2760 1489 2794 formae
1513 2763 1630 2795 tamen
1652 2759 1774 2801 minut,
1807 2758 1891 2791 mint
1912 2767 2049 2802 respon-

83 2807 143 2843 det
172 2807 242 2844 hib.
274 2810 340 2843 vet.
366 2813 433 2843 met
453 2809 492 2843 in
516 2818 625 2854 comp.
642 2808 862 2854 seraitlimet,
894 2806 1038 2848 dermec,
1069 2817 1087 2841 e
1110 2806 1225 2840 radice
1247 2805 1360 2846 ΜΕΝ,
1385 2805 1467 2839 MIN
1494 2805 1551 2846 (cf.
1576 2804 1671 2838 Sent.
1691 2804 1758 2837 hib.
1783 2815 1818 2838 n.
1840 2806 1904 2844 14).
1941 2802 2051 2837 Hodie

83 2863 162 2888 cum
186 2855 323 2899 praeter
346 2853 455 2889 subet.
481 2854 608 2888 cambr.
633 2865 720 2899 myn,
746 2852 882 2899 mynad,
908 2852 1077 2893 voluntas,
1102 2851 1327 2892 desiderium,
1361 2854 1394 2885 et
1418 2853 1512 2884 extet
1538 2851 1605 2884 adi.
1629 2849 1813 2895 onynediu),
1842 2848 2050 2888 desiderans,

83 2898 217 2940 volens,
241 2899 427 2934 statuenda
451 2899 589 2934 videtur
612 2900 714 2934 lectio
736 2897 1015 2944 quordintinntiu.
1063 2896 1192 2931 Eadem
1218 2896 1316 2930 radix
1341 2896 1459 2930 subest
1483 2895 1586 2929 verbo
1611 2895 1767 2940 dyaynnu
1797 2898 2000 2935 (arcessere;
2034 2903 2052 2927 e

84 2947 152 2980 vet,
177 2943 349 2987 amnium)
373 2944 462 2979 Mab.
488 2948 519 2986 2,
546 2948 600 2978 32.
648 2945 687 2979 cli
710 2945 807 2985 litau,
837 2943 1003 2978 hodierna
1029 2943 1215 2987 scriptione
1237 2954 1260 2987 y
1286 2940 1415 2987 Lydaw
1441 2944 1512 2985 (pp.
1541 2943 1615 2974 129.
1643 2942 1734 2981 831).
1783 2940 1901 2984 lungit
1924 2939 2050 2985 glossa-

85 2991 156 3031 tor,
189 2990 247 3034 qui
279 2990 478 3025 meminisse
502 2990 639 3024 videtur
663 2990 728 3024 adi.
755 2991 814 3024 lat.
841 2989 930 3023 latus
956 2991 991 3022 et
1015 2988 1141 3022 eambr.
1170 2987 1257 3021 licon
1281 2987 1371 3027 (hod.
1398 2986 1533 3031 llydan,
1567 2986 1637 3019 hib.
1663 2988 1731 3018 vet.
1757 2985 1898 3025 lethem),
1929 2994 2052 3019 nomen

85 3034 224 3069 Latium
250 3045 328 3069 cvm
354 3046 435 3070 voce
459 3036 630 3070 cambi-ica
655 3036 752 3077 lieau,
779 3036 869 3080 quod
895 3034 1151 3068 substantivum
1176 3033 1347 3077 principio
1372 3032 1516 3066 forsitan
1541 3031 1790 3076 appellativum
1811 3028 2054 3076 significaverit

86 3080 237 3122 litorale3
261 3083 412 3115 attamen
436 3082 540 3116 etiam
565 3081 635 3116 hib.
659 3084 727 3115 vet.
754 3080 844 3114 letha
870 3083 916 3124 (p.
936 3083 1011 3121 57),
1035 3077 1234 3123 significans
1259 3078 1348 3112 idem
1375 3078 1464 3122 quod
1491 3077 1619 3111 cambr.
1643 3079 1711 3110 vet.
1738 3076 1842 3117 lituu,
1870 3075 1946 3109 hod.
1974 3073 2052 3119 Lly-

88 3125 178 3167 daeo,
206 3124 350 3160 Lemnia
374 3127 465 3172 apud
493 3127 676 3171 scriptores
699 3127 802 3162 medii
829 3126 922 3165 aovi,
950 3124 1180 3159 Aremoricam
1205 3123 1256 3157 vel
1282 3122 1498 3161 Britanniam
1523 3122 1682 3167 gallicam
1707 3124 1741 3155 et
1766 3122 1870 3155 latius
1895 3120 2053 3161 Galliam,

90 3181 168 3206 cum
193 3172 331 3206 nomine
355 3171 446 3206 Latii
473 3172 694 3206 confunditur
719 3184 739 3206 a
763 3171 987 3215 scriptoribus
1012 3172 1046 3204 et
1070 3169 1317 3214 interpretibus
1343 3169 1497 3210 hibernis
1528 3167 1627 3208 (Bell.
1654 3167 1752 3200 Mart.
1781 3171 1811 3207 2,
1838 3169 1929 3207 528).
1974 3170 2056 3209 yart

85 3227 203 3263 paup,
232 3217 276 3262 gi.
303 3218 484 3258 consistes,
510 3219 532 3252 i.
557 3228 584 3252 e.
612 3221 731 3252 contra
755 3217 928 3262 quemvis,
955 3215 1081 3249 rectius
1104 3213 1206 3259 qur-th
1226 3225 1325 3259 paup
1351 3216 1397 3258 (p.
1417 3215 1508 3255 682),
1541 3213 1609 3247 hib.
1636 3215 1703 3246 vet.
1721 3211 1780 3255 fri
1803 3210 1898 3247 ca'ch.
1945 3210 2057 3244 nercln·

88 3262 124 3305 ti,
164 3262 353 3297 hortaberis
385 3266 423 3296 tu
463 3265 509 3307 (p.
536 3266 634 3305 506),
668 3274 686 3297 e
712 3264 814 3297 verbo
838 3263 1036 3296 etiamnunc
1068 3261 1205 3304 vigente
1229 3259 1358 3300 nerum,
1384 3258 1530 3294 firmare.
1578 3257 1636 3290 hin
1661 3258 1806 3291 cetlinau
1831 3257 1864 3290 ir
1889 3256 1973 3298 lem,
2010 3256 2054 3300 gl.

91 3318 300 3353 romanaque
324 3312 483 3353 pectora:
516 3309 547 3342 ir
573 3309 651 3350 Ιείίί,
686 3309 796 3349 alteri,
821 3309 842 3341 i.
869 3318 896 3341 e.
924 3307 1081 3341 Romani.
1131 3306 1169 3339 In
1196 3305 1480 3349 praecedentibus
1505 3304 1648 3338 vocibus
1673 3304 1828 3347 quamvis
1853 3302 1927 3336 sine
1951 3301 2057 3335 dubio

88 3354 390 3388 circumscribatur
420 3355 640 3398 participium
671 3355 882 3399 praescntiS,
915 3356 954 3386 ut
988 3352 1104 3392 hodie,
1135 3350 1307 3395 particula
1335 3362 1381 3396 yn
1412 3360 1489 3384 cum
1516 3348 1704 3391 infinitivo,
1737 3349 1839 3383 dubia
1865 3351 1979 3382 tamen.
2005 3351 2054 3381 est

89 3399 231 3444 scriptio
264 3399 370 3434 verbi.
421 3399 493 3433 Etsi
524 3400 613 3433 enim
647 3403 727 3443 post
760 3413 777 3432 c
809 3398 1034 3443 principalem
1067 3397 1231 3431 distincta
1263 3398 1315 3429 est
1347 3406 1363 3429 e
1387 3396 1517 3430 minore
1541 3395 1649 3428 forma
1675 3398 1709 3428 et
1733 3394 1889 3428 deorsum
1915 3393 2054 3438 scripta,

89 3445 180 3479 intra
205 3445 293 3479 hanc
321 3447 436 3481 tamen
461 3449 557 3480 extat
582 3446 694 3479 littera
719 3443 866 3478 difficilis
892 3444 979 3476 lectu
1008 3443 1049 3476 ob
1075 3442 1254 3476 eoum-iem
1281 3444 1474 3483 atramenti,
1502 3451 1709 3486 quamquam
1739 3441 1793 3473 vix
1821 3440 1920 3473 aliam
1940 3438 2055 3482 deprc-

183 3513 309 3555 Zeuss,
335 3525 469 3547 unnim.
498 3525 598 3548 usur.
649 3513 708 3547 121».
737 3513 778 3547 ll.
1746 3510 1787 3544 6⁷
