2336 3736
266 225 444 269 ΧΧΧΙΙ
473 226 633 270 (XLVII.
650 229 812 271 XLVIII)
1007 243 1256 274 PRAEFA'HO
1287 245 1524 277 Aucroms.

265 349 501 403 chartaceo,
535 352 606 407 qui
638 353 838 395 inventus
873 358 939 395 est
968 369 993 395 a
1012 353 1207 398 Marzino
1238 357 1406 399 notario
1438 358 1633 414 episcopi
1654 357 1983 415 Quimperensis
2013 361 2057 402 in
2078 361 2229 404 itinere

265 424 464 477 pastorali
499 430 541 465 et
570 425 750 467 donatus
783 427 835 467 ab
867 441 916 468 eo
949 426 1112 469 editori.

375 495 549 537 Editum
580 505 647 539 est
677 498 757 540 hoc
788 505 938 555 poema
969 501 1048 542 sub
1077 500 1220 543 titulo:
1282 497 1439 543 ‘Bulaeez
1470 512 1606 544 santez
1636 503 1778 553 Nomz,
1809 519 1863 545 ou
1893 504 1975 547 Vie
2006 506 2060 548 de
2090 507 2230 549 sainte

264 567 415 610 Nonne
460 576 501 611 et
539 570 590 612 de
623 586 701 612 son
730 572 799 613 fils
838 572 951 614 saint
982 572 1106 628 Devy
1150 574 1342 629 (David).
1403 574 1598 630 Mystere
1632 579 1833 631 compose
1867 593 1919 619 en
1949 578 2105 633 langue
2137 580 2230 623 bre-

260 646 390 682 tonue
420 643 778 686 auterieurement
808 660 860 687 au
894 646 959 687 12.
993 646 1147 699 siecle,
1180 647 1324 702 public
1355 647 1523 704 d'apres
1554 664 1612 690 un
1642 650 1879 693 manuscrit
1909 651 2085 707 unique,
2124 668 2231 696 avec

263 728 343 754 une
380 714 668 759 introduction
706 732 783 773 par
820 718 958 761 l'abbe
997 718 1238 773 Sionnet,
1278 725 1320 763 et
1357 722 1646 777 accompagne
1684 721 1811 765 d’une
1842 724 2083 768 traduction
2117 726 2230 768 litte-

259 785 346 827 rale
376 787 429 828 de
457 786 517 829 M.
550 788 859 845 Legonidec
891 797 932 832 et
962 792 1061 833 d’un
1091 792 1320 836 fac—simile
1352 793 1408 835 du
1436 794 1684 837 manuscrit.
1731 794 1855 838 Paris
1890 791 2026 839 1837'.
2087 798 2229 855 Signi·

259 859 408 900 fleatur
438 874 463 901 a
492 877 562 904 me
593 862 699 905 haec
729 863 858 906 editio
887 864 1041 907 litteris
1071 865 1181 907 Buh.

374 931 579 976 Codicem
619 936 756 979 editor
788 937 991 993 scriptum
1023 938 1241 982 serissime
1278 939 1453 983 ineunte
1484 940 1657 984 saeculo
1689 942 1836 997 quinto
1868 942 2032 989 decimo
2069 943 2226 1001 (praef.

259 1004 498 1062 XXVIII),
532 1008 658 1065 eique
692 1010 872 1052 subesse
903 1011 1257 1065 compositionem
1287 1013 1420 1055 multo
1449 1013 1749 1066 vetustiorem,
1781 1015 1998 1057 saeculum
2028 1015 2230 1059 duodeci-

258 1093 368 1120 mum
401 1088 688 1136 superantem,
720 1084 887 1125 asserit.
947 1083 1160 1139 Equidem
1193 1087 1246 1128 ob
1268 1086 1471 1139 linguam,
1507 1100 1616 1142 quae
1647 1086 1836 1130 habitum
1865 1088 1996 1131 multo
2016 1089 2228 1132 recentio-

259 1165 348 1192 rem
379 1167 481 1208 prae
515 1169 560 1196 se
591 1153 700 1206 fert,¹
731 1155 831 1198 huic
861 1172 947 1199 non
978 1159 1190 1213 assentio,
1231 1167 1273 1201 et
1302 1159 1443 1201 malim
1482 1159 1693 1202 assentire
1733 1159 1773 1203 ei
1810 1160 1884 1217 qui
1921 1167 2006 1203 tam
2036 1161 2230 1205 codicem

259 1238 380 1279 quam
415 1228 783 1284 compositionem,
815 1236 861 1271 ut
889 1245 1003 1272 nunc
1033 1230 1168 1283 adest,
1203 1248 1299 1275 esse
1331 1232 1493 1276 saeculi
1525 1233 1662 1288 quarti
1695 1233 1847 1276 decimi
1879 1233 2070 1276 affirmet.

368 1298 492 1342 Haec
524 1300 575 1343 de
607 1302 840 1345 codicibus·
859 1304 969 1360 ipsis
1002 1304 1071 1346 vel
1099 1305 1287 1348 fontibus
1318 1306 1444 1348 huius
1476 1305 1640 1362 operis3
1672 1306 1717 1348 in
1747 1306 2003 1349 adhibendis
2033 1307 2105 1349 vel
2132 1307 2229 1350 red-

256 1371 407 1414 dendis
440 1374 502 1416 eis
532 1374 610 1417 has
641 1376 912 1431 potissimum
941 1378 1113 1433 regulas
1145 1386 1317 1421 secutus
1349 1394 1454 1421 sum.
1513 1378 1566 1420 In
1596 1379 1827 1423 afferendis
1859 1380 2038 1423 vocibus
2083 1388 2126 1423 et
2156 1395 2229 1423 ex-

255 1446 407 1500 emplis
440 1462 462 1488 e
493 1447 714 1490 codicibus
748 1464 835 1490 non
864 1451 1027 1492 recessi
1058 1452 1110 1493 ab
1144 1466 1287 1494 eorum
1320 1454 1591 1505 auctoritate,
1624 1459 1666 1495 et
1694 1452 1887 1506 reddidi,
1929 1452 2041 1495 sicut
2069 1453 2228 1505 inveni,

256 1532 291 1559 e.
315 1533 375 1573 gr.
408 1527 631 1562 accentum
661 1528 827 1563 acutum
864 1523 1177 1578 significantem
1208 1526 1398 1568 vocalem
1430 1525 1680 1582 productam
1710 1525 1755 1568 in
1786 1524 2010 1568 codicibus
2039 1525 2229 1569 hiberni-

256 1590 332 1644 cis,
365 1592 587 1635 articulum
608 1595 677 1636 vel
701 1596 931 1650 particulas
953 1598 1120 1640 iunctas
1152 1598 1248 1641 aliis
1270 1600 1475 1642 orationis
1505 1599 1699 1655 partibus
1729 1598 1774 1640 in
1795 1598 2019 1642 codicibus
2039 1598 2227 1642 hiberni·

254 1664 318 1705 cis
361 1672 403 1707 et
433 1668 671 1710 cambrieis.
733 1670 1046 1712 Auctoritatem
1079 1672 1273 1714 codicum
1307 1673 1437 1715 etiam
1473 1687 1578 1728 prae
1610 1687 1658 1715 se
1689 1671 1831 1715 ferunt
1859 1687 1991 1715 voces
2029 1672 2101 1715 vel
2130 1687 2228 1715 sen-

255 1737 414 1781 tentiae
445 1739 624 1794 latina-e,
668 1742 822 1798 quibus
863 1745 1063 1800 praemisi
1097 1745 1267 1801 signum
1298 1745 1373 1800 gl,
1407 1746 1521 1801 quod
1552 1745 1589 1788 si
1620 1746 1761 1799 deest,
1800 1760 1887 1788 vox
1914 1745 1986 1789 vel
2016 1745 2229 1788 sententia

254 1809 411 1854 lunulis
443 1812 610 1856 inclusa
643 1831 731 1857 non
761 1817 805 1857 in
836 1817 985 1860 codice
1017 1818 1113 1874 ipso
1145 1819 1286 1862 oblata
1319 1820 1582 1875 et·glossata
1612 1825 1692 1872 est,
1723 1819 1799 1861 sed
1828 1833 1927 1861 mea
1956 1818 2113 1861 versio.

367 1885 460 1928 Nec
489 1889 650 1930 recessi
681 1889 807 1932 facile
840 1907 865 1932 a
896 1891 1021 1933 solito
1053 1891 1196 1948 aliquo
1229 1893 1475 1950 scriptionis
1508 1892 1701 1935 codicum
1732 1891 1803 1934 vel
1833 1892 2068 1934 editionum
2097 1906 2228 1946 more,

250 1959 446 2012 quamvis
479 1959 536 2002 sit
565 1960 775 2004 interdum
807 1971 955 2006 contra.
985 1966 1283 2020 grammatices
1316 1966 1570 2022 analogiam,
1603 1981 1638 2008 e.
1661 1981 1723 2022 gr.
1756 1965 2041 2021 separationis
2072 1980 2229 2021 prono-

251 2032 407 2073 minum
436 2032 665 2076 infixorum
707 2050 801 2078 cum
833 2038 1059 2093 particulis
1102 2039 1459 2094 praecedentibus
1498 2056 1524 2082 a
1553 2040 1697 2082 verbis
1732 2039 1803 2082 vel
1840 2038 2120 2082 substantivis
2161 2053 2228 2081 se-

249 2104 498 2158 quentibus,
538 2122 648 2163 quae
681 2109 807 2151 solita
838 2118 904 2153 est
941 2112 985 2153 in
1016 2111 1241 2154 cambricis
1273 2112 1406 2155 libris.
1468 2111 1691 2165 Quaedam
1728 2118 1892 2154 tantum
1925 2111 2106 2154 nimium
2139 2111 2228 2155 lae-

254 2177 399 2219 dentia
429 2194 579 2234 purum
609 2183 908 2237 grammatices¹
942 2200 1061 2226 usum
1096 2187 1217 2241 sequi
1249 2186 1379 2239 nolui,
1413 2192 1461 2227 ut
1483 2185 1815 2228 disiunctionem
1844 2185 2072 2227 formarum
2101 2199 2225 2242 prae-

250 2251 512 2305 positionum
551 2268 644 2296 cum
684 2257 1011 2311 vpronominibus
1052 2258 1387 2301 coalescentium
1435 2260 1505 2301 vel
1544 2259 1779 2302 verbalium
1822 2258 2054 2301 formarum
2096 2273 2227 2301 unam

250 2338 397 2365 vocem
429 2327 798 2383 constituentium,
837 2345 945 2385 quae
978 2331 1163 2373 occurrit
1202 2332 1247 2373 in
1277 2332 1465 2375 editione
1496 2332 1698 2375 carminis
1729 2332 1889 2375 cornici
1930 2332 1984 2375 de
2013 2331 2225 2374 Passione

254 2412 288 2438 e.
310 2412 371 2452 gr.
401 2398 446 2439 in
477 2415 566 2440 ww
597 2402 725 2454 mtlw,
755 2417 782 2458 y
813 2404 888 2454 tlte,
916 2418 943 2458 y
975 2404 1055 2455 tho,
1081 2420 1110 2460 y
1140 2405 1242 2446 these
1272 2420 1346 2461 pro
1378 2406 1596 2459 warneclio,
1626 2406 1732 2460 ytke,
1758 2405 1867 2461 ycho,
1894 2405 2042 2461 ytliese.
2101 2403 2226 2458 Quae

252 2469 482 2513 disiunctio
512 2473 619 2516 mira
649 2476 774 2516 etiam
806 2475 849 2518 in
882 2475 1107 2520 cambricis
1139 2478 1399 2521 editionibus
1430 2479 1640 2521 interdum
1670 2478 1844 2534 legitur,
1887 2484 1930 2520 ut
1958 2478 2005 2520 in
2034 2476 2150 2520 Mab.
2186 2480 2225 2531 1,

255 2544 315 2585 19.
340 2544 439 2586 249:
471 2560 492 2586 o
522 2546 671 2600 honqfi,
704 2563 725 2589 o
755 2550 920 2604 honam,
956 2564 977 2590 0
1008 2565 1143 2604 κιοηαι,
1178 2559 1220 2593 et
1248 2552 1294 2593 in
1325 2551 1445 2594 libris
1478 2552 1651 2608 linguae
1682 2551 1943 2594 aremoricae
1974 2550 2219 2603 hodiernae,

1243 2658 1254 2683 ,
1286 2639 1517 2678 warmacan,
1548 2624 1592 2667 in
1623 2624 1768 2667 formis
1799 2624 1936 2667 auctis
1957 2624 2074 2678 olcon,
2106 2639 2222 2666 warn

252 2689 319 2730 vel
347 2705 510 2732 warnez
548 2694 915 2748 praepositionum
947 2711 979 2749 0,
1018 2711 1107 2738 war
1143 2704 1240 2739 ante
1277 2699 1530 2753 pronomina
1569 2698 1733 2741 suffixa.
1807 2696 2118 2742 Grammaticos
2157 2704 2224 2740 est

252 2762 322 2804 vel
356 2763 505 2817 lexici,
544 2781 629 2807 non
664 2768 899 2824 scripturae
932 2771 1125 2822 usitatae,
1161 2771 1306 2813 harum
1338 2774 1564 2813 formarum
1594 2778 1729 2814 ortum
1762 2770 2009 2824 ostendere,
2041 2777 2087 2812 ut
2115 2770 2222 2813 alias

250 2849 332 2888 res,
366 2852 402 2878 e.
433 2852 493 2892 gr.
529 2840 773 2882 varietatem
809 2844 1059 2897 quantitatis
1095 2844 1160 2886 vel
1181 2845 1542 2899 pronuntiationis
1562 2845 1787 2897 vocalium,
1819 2859 1929 2901 quae
1950 2844 2223 2899 conspiciun-

253 2917 317 2949 tur
347 2908 391 2950 in
422 2910 639 2953 hodiernis
671 2914 790 2956 libris
823 2916 1069 2959 aremoricis
1102 2924 1301 2959 oneratae
1333 2918 1467 2959 variis
1499 2918 1771 2971 accentibus,
1810 2933 1919 2974 quos
1959 2916 2083 2960 omisi
2119 2932 2221 2959 con-

251 2980 374 3034 sulto,
408 2996 500 3024 cum
532 3000 614 3027 non
650 2987 792 3028 adsint
822 2989 865 3029 in
896 2990 1216 3033 vetustioribus.
1278 2989 1495 3033 Cambrici
1534 2991 1632 3033 libri
1662 2992 1792 3033 etiam
1828 2991 2037 3033 eiusmodi
2069 3004 2220 3033 accen-

251 3061 335 3094 tum
368 3057 647 3099 recentiorem
678 3059 873 3114 offerunt,
909 3062 983 3103 sed
1015 3078 1144 3104 unum
1177 3064 1495 3110 circumflexum
1526 3064 1571 3105 in
1592 3064 1815 3107 vocalibus
1836 3063 2068 3120 productis,
2100 3069 2148 3104 ut
2175 3063 2219 3104 in

245 3128 358 3181 ylm'n
388 3129 587 3186 (vinum),
621 3133 878 3188 saepiusque
910 3135 956 3176 in
978 3137 1186 3193 correptis
1216 3137 1413 3194 primitus
1444 3145 1487 3179 et
1507 3152 1531 3179 a
1551 3136 1788 3179 recentiore
1809 3136 1957 3192 lingua
1985 3135 2217 3193 productis,

250 3215 284 3241 e.
309 3216 368 3256 gr.
400 3203 445 3244 iu
476 3205 548 3244 ιιῖη
579 3205 747 3260 (ignis),
783 3207 922 3249 verbis
953 3208 998 3249 in
1028 3213 1116 3262 -ciu,
1149 3210 1225 3251 Ιιέη
1253 3210 1429 3265 (senex)
1461 3216 1558 3263 etc.,
1593 3216 1639 3252 ut
1668 3209 1706 3253 si
1737 3209 1949 3252 scribatur
1978 3209 2218 3265 germanice

249 3274 345 3329 wey,
373 3276 483 3331 yssbe,
515 3291 608 3318 eum
639 3292 659 3318 e
688 3278 894 3333 producta
922 3280 1048 3323 hodie
1079 3282 1175 3325 loco
1207 3290 1428 3339 correptae
1458 3282 1700 3339 primitivae
1731 3296 1752 3323 e
1780 3283 1850 3325 vel
1877 3283 1896 3324 i
1922 3283 1968 3325 in
1998 3288 2082 3340 got.
2115 3285 2216 3339 vigy-3,

246 3346 358 3402 yiba,
391 3362 520 3403 germ.
551 3357 634 3391 vet.
668 3366 784 3407 uuey,
813 3352 925 3408 yibu.

361 3420 486 3473 Quae
515 3423 629 3478 apud
658 3422 910 3467 Marcellum
941 3424 1328 3482 Burdegalensem,
1358 3426 1585 3484 Virgilium
1616 3428 1958 3484 grammaticum,
1993 3428 2041 3471 in
2070 3429 2217 3485 glossa

250 2622 295 2656 ut
324 2631 579 2673 war-n-ome,
612 2623 908 2676 u·a1'-72-e:lzan,
940 2638 1018 2679 pro
1040 2639 1240 2665 warnowe
