2336 3736
668 1185 1204 1258 PROOEMIUM
1258 1185 1697 1261 EDH‘ORIS.

311 1509 437 1563 Quod
468 1509 610 1552 multis
643 1525 770 1566 saepe
802 1509 978 1561 accidit,
1011 1517 1057 1550 ut
1086 1510 1200 1567 quod
1231 1510 1498 1566 cupivissent
1534 1517 1660 1554 antea
1689 1518 1815 1567 atque
1846 1517 2087 1568 optassent,
2127 1510 2172 1553 id

198 1583 337 1639 ipsum
370 1583 406 1624 si
439 1583 607 1640 quando
639 1583 886 1635 eveniebat,
926 1590 1256 1639 aspernarentur
1284 1584 1428 1640 potius
1459 1590 1532 1626 aut
1559 1584 1900 1637 reformidarent,
1940 1584 2054 1627 idem
2083 1583 2171 1626 fere

196 1657 279 1712 ipsi
310 1657 435 1699 nobis
465 1657 674 1700 accidisse
706 1656 937 1708 sensimus,
977 1671 1070 1699 cum
1100 1657 1235 1713 primo
1269 1672 1366 1699 vere
1396 1657 1496 1699 anni
1531 1659 1637 1700 1866
1679 1674 1704 1700 a
1734 1657 1858 1700 nobis
1889 1657 2044 1714 petivit
2074 1657 2171 1699 red-

197 1736 360 1786 emptor
396 1730 744 1783 honestissimus,
788 1739 832 1772 ut
873 1745 956 1786 quo
1001 1746 1173 1774 munere
1210 1731 1254 1772 in
1294 1731 1482 1773 curanda
1519 1731 1653 1773 altera
1690 1730 1875 1773 editione
1912 1729 2038 1773 huius
2076 1729 2175 1772 libri

200 1809 345 1844 auctor
378 1804 478 1860 ipse
508 1803 627 1859 fungi
658 1804 851 1846 voluerat
881 1802 1171 1845 Christianum
1204 1802 1461 1846 Guilelmum
1500 1803 1724 1856 Glueck,
1771 1802 1901 1857 virum
1935 1803 2058 1846 unice
2088 1803 2171 1846 sibi

197 1876 467 1918 coniunctum
507 1883 550 1918 et
578 1876 736 1933 pietate
769 1876 967 1934 discipuli
1000 1886 1042 1917 et
1069 1876 1366 1919 familiaritatis
1399 1893 1490 1928 usu,
1519 1877 1562 1919 id
1594 1892 1748 1920 munus
1787 1891 1881 1920 cum
1911 1876 2167 1919 valetudinis

198 1949 473 1991 excusatione
503 1964 606 1991 usus
638 1950 920 1992 detrectasset
949 1950 1041 2000 ille,
1081 1965 1159 1992 nos
1189 1949 1313 1992 nobis
1346 1950 1511 2007 iniungi
1542 1958 1793 2007 pateremur.
1858 1948 2032 1993 Etenim
2072 1964 2167 1992 cum

198 2022 241 2063 in
272 2021 560 2065 Grammatica
588 2022 777 2075 Celtica,
817 2038 899 2080 qua
930 2023 1061 2065 adiuti
1093 2024 1269 2079 primum
1301 2039 1380 2066 nos
1415 2024 1696 2066 imbueramus
1735 2023 1803 2065 his
1835 2023 2008 2076 studiis,
2047 2029 2167 2079 post-

199 2110 323 2151 quam
363 2096 416 2138 ad
456 2096 541 2139 veri
582 2096 896 2152 indagationem
939 2095 1021 2152 ipsi
1064 2097 1281 2152 progressi
1311 2096 1354 2137 in
1392 2098 1524 2140 verba
1561 2096 1750 2152 magistri
1780 2097 1918 2138 iurare
1950 2095 2166 2150 desiimus,

200 2168 361 2224 aliquot
392 2184 555 2211 errores
586 2169 694 2211 varii
725 2169 896 2225 generis
929 2169 1371 2226 deprehendissemus,
1403 2169 1465 2212 ita
1494 2177 1654 2223 tamen,
1688 2176 1734 2211 ut
1762 2185 1845 2226 quo
1876 2169 2000 2226 plura
2028 2169 2166 2212 minus

198 2247 314 2283 recte
344 2242 500 2284 tradita
528 2243 845 2298 reperiebamus
861 2276 871 2295 ,
914 2258 964 2284 eo
995 2243 1132 2299 magis
1171 2242 1367 2286 admirari
1399 2242 1659 2286 disceremus
1698 2242 1973 2299 sagacitatem
2007 2243 2088 2285 viri
2117 2258 2167 2286 ac

201 2313 450 2366 sollertiam,
502 2315 712 2357 interdum
758 2315 898 2357 facere
944 2330 1028 2356 non
1074 2315 1308 2371 potuimus,
1364 2317 1463 2372 quin
1511 2316 1848 2359 desideraremus
1896 2316 2167 2360 occasionem

199 2386 549 2443 detergendarum
591 2388 748 2431 levium
778 2389 942 2431 illarum
975 2389 1254 2442 macularum,
1295 2389 1449 2445 quibus
1482 2390 1746 2446 inquinatum
1775 2388 2027 2431 videbamus
2056 2388 2168 2431 nito-

196 2474 285 2501 rem
316 2460 456 2516 operis
495 2460 756 2503 immortalis.
823 2461 995 2504 Interea
1030 2461 1174 2503 decem
1213 2461 1301 2504 fere
1338 2478 1545 2505 annorum
1583 2459 1847 2518 experientia
1884 2461 2022 2504 edocti
2061 2461 2166 2504 satis

198 2532 565 2585 intellexeramus,
598 2533 839 2590 quicunque
871 2534 1015 2576 alteris
1047 2534 1160 2576 curis
1190 2534 1295 2576 illud
1324 2541 1556 2578 retractare
1587 2540 1831 2587 conaretur,
1860 2547 1969 2587 eum,
2001 2532 2167 2576 etiamsi

198 2620 284 2646 uon
313 2605 546 2659 laboraret,
568 2613 614 2648 ut
634 2606 874 2649 laboramus
904 2622 996 2659 1108,
1029 2615 1111 2649 tam
1144 2606 1219 2649 otii
1249 2608 1459 2664 angustiis
1490 2623 1612 2664 quam
1635 2605 1817 2664 penuria
1833 2605 2047 2659 librorum,
2078 2620 2167 2653 rem

205 2685 347 2720 tamen
377 2693 675 2734 aggressurum
707 2679 1010 2732 difficillimam,
1042 2681 1087 2722 iu
1117 2696 1200 2737 qua
1230 2687 1276 2722 ut
1304 2686 1454 2736 posset
1483 2680 1689 2737 quidquid
1719 2679 1859 2732 vellet,
1892 2686 1936 2721 at
1964 2678 2038 2721 vix
2064 2678 2173 2721 lice--

198 2757 262 2791 ret
300 2751 410 2793 velle
441 2752 647 2808 quidquid
687 2760 847 2808 posset.
915 2752 1058 2806 Quare
1098 2753 1320 2809 ingratum.
1344 2768 1447 2795 sane
1476 2753 1694 2810 negotium
1734 2753 1800 2807 (in
1830 2767 1913 2809 quo
1945 2752 2166 2794 subeundo

203 2837 363 2879 anceps
396 2830 486 2866 erat
514 2825 764 2880 periculum,
795 2841 849 2868 ne
880 2833 953 2868 aut
981 2827 1245 2868 obstaremus
1277 2826 1316 2867 ei
1347 2826 1460 2882 quod
1491 2827 1625 2869 voluit
1654 2832 1812 2879 auctor,
1844 2831 1918 2868 aut
1941 2824 2167 2867 eruditioni

200 2909 251 2937 ac
274 2896 493 2938 doctrinae
523 2897 607 2953 ipsi
639 2898 898 2951 deessemus,
930 2899 1106 2942 mirifice
1135 2905 1198 2941 tot
1218 2914 1423 2941 annorum
1454 2898 1592 2955 spatio
1623 2904 1771 2940 auctae
1803 2903 1846 2940 et
1865 2897 2167 2953 amplificatae)

199 2983 284 3009 non
317 2970 670 3025 suscepissemus,
700 2971 785 3013 nisi
805 2978 1100 3025 metueremus,
1132 2987 1186 3013 ne
1216 2972 1321 3014 forte
1344 2971 1654 3014 meritissimam
1687 2985 1872 3028 operam,
1903 2970 1941 3012 si
1961 2984 2042 3013 nos
2062 2984 2166 3025 quo—

199 3056 281 3096 que
312 3042 622 3095 abnuissemus,
654 3059 778 3085 nemo
808 3051 985 3087 navaret
1015 3045 1147 3101 operi.
1206 3044 1258 3086 In
1289 3059 1372 3100 quo
1405 3044 1667 3087 emendando
1707 3059 1830 3100 quam
1859 3043 2066 3086 rationem
2098 3058 2165 3085 se-

198 3114 284 3155 cuti
316 3114 461 3168 simus,
494 3116 643 3172 paucis
674 3132 949 3174 exponemus,
982 3134 1077 3160 cum
1107 3123 1205 3160 ante
1236 3116 1479 3170 dixerimus,
1512 3117 1667 3174 quibus
1698 3116 1764 3159 usi
1796 3116 1929 3159 simus
1960 3116 2145 3159 auxiliis.

315 3188 458 3243 Atque
491 3188 599 3230 inter
629 3189 872 3232 adiumenta
902 3206 1057 3247 operae
1088 3197 1258 3233 nostrae
1289 3190 1423 3246 primo
1454 3190 1548 3233 loco
1576 3189 1833 3232 nominanda
1854 3196 1920 3233 est
1950 3204 2002 3231 ea
2021 3204 2163 3245 opera,

199 3274 324 3315 quam
356 3260 400 3301 in
432 3276 560 3316 opere
592 3276 669 3303 suo
699 3261 795 3318 ipse
827 3269 972 3305 auctor
1004 3264 1286 3306 collocaverat
1315 3263 1442 3305 edito.
1500 3262 1551 3305 In
1582 3263 1738 3305 editum
1773 3262 1887 3304 enim
1915 3277 2002 3304 non
2031 3261 2165 3304 mino-

199 3346 286 3373 rem
326 3333 378 3374 ab
409 3332 481 3374 illo
511 3349 635 3389 quam
675 3335 717 3375 in
751 3334 962 3377 edendum
999 3351 1095 3378 esse
1135 3337 1331 3379 collatam
1368 3350 1538 3392 operam
1579 3350 1630 3378 ac
1660 3334 1924 3391 diligentiam
1962 3335 2165 3391 probatur

199 3404 341 3447 multis
380 3410 421 3446 et
455 3406 604 3459 variis,
649 3422 757 3463 quae
796 3423 872 3463 per
901 3408 1072 3450 triennii
1104 3410 1308 3466 spatium,
1348 3423 1431 3464 quo
1468 3409 1559 3451 solo
1597 3423 1692 3451 eum
1722 3407 1993 3464 superstitem
2031 3406 2164 3450 fuisse
