<?xml version="1.0" encoding="UTF-8"?>
<!DOCTYPE html PUBLIC "-//W3C//DTD XHTML 1.0 Transitional//EN"
    "http://www.w3.org/TR/xhtml1/DTD/xhtml1-transitional.dtd">
<html xmlns="http://www.w3.org/1999/xhtml" xml:lang="en" lang="en">
 <head>
  <title>
</title>
<meta http-equiv="Content-Type" content="text/html;charset=utf-8" />
  <meta name='ocr-system' content='tesseract 3.04.00' />
  <meta name='ocr-capabilities' content='ocr_page ocr_carea ocr_par ocr_line ocrx_word'/>
</head>
<body>
  <div class='ocr_page' id='page_1' title='image "./grammaticaceltic00zeusuoft_1091.png"; bbox 0 0 2336 3736; ppageno 0'>
   <div class='ocr_carea' id='block_1_1' title="bbox 531 287 2040 330">
    <p class='ocr_par' dir='ltr' id='par_1_1' title="bbox 531 287 2040 330">
     <span class='ocr_line' id='line_1_1' title="bbox 531 287 2040 330; baseline -0.001 -1"><span class='ocrx_word' id='word_1_1' title='bbox 531 287 605 329; x_wconf 91' lang='lat' dir='ltr'>VI.</span> <span class='ocrx_word' id='word_1_2' title='bbox 636 288 676 329; x_wconf 78' lang='lat'>2.</span> <span class='ocrx_word' id='word_1_3' title='bbox 725 298 1040 329; x_wconf 68' lang='lat' dir='ltr'>cons‘rnno‘rro</span> <span class='ocrx_word' id='word_1_4' title='bbox 1071 298 1265 330; x_wconf 69' lang='lat' dir='ltr'>Por-:Tim</span> <span class='ocrx_word' id='word_1_5' title='bbox 1296 298 1558 329; x_wconf 71' lang='lat' dir='ltr'>msnnch.</span> <span class='ocrx_word' id='word_1_6' title='bbox 1663 289 1767 328; x_wconf 78' lang='lat'>(¹¹35</span> <span class='ocrx_word' id='word_1_7' title='bbox 1820 290 1920 328; x_wconf 80' lang='grc'>1137)</span> <span class='ocrx_word' id='word_1_8' title='bbox 1959 289 2040 329; x_wconf 81' lang='grc'>943</span> 
     </span>
    </p>
   </div>
   <div class='ocr_carea' id='block_1_2' title="bbox 75 409 2043 1141">
    <p class='ocr_par' dir='ltr' id='par_1_2' title="bbox 75 409 2043 1141">
     <span class='ocr_line' id='line_1_2' title="bbox 453 409 1430 458; baseline 0.001 -12"><span class='ocrx_word' id='word_1_9' title='bbox 453 409 460 453; x_wconf 83' lang='grc'>1</span> <span class='ocrx_word' id='word_1_10' title='bbox 489 409 694 446; x_wconf 82' lang='lat' dir='ltr'>Precamur</span> <span class='ocrx_word' id='word_1_11' title='bbox 722 415 728 457; x_wconf 98' lang='grc'>1</span> <span class='ocrx_word' id='word_1_12' title='bbox 757 412 898 458; x_wconf 76' lang='lat' dir='ltr'>patrem</span> <span class='ocrx_word' id='word_1_13' title='bbox 926 411 945 458; x_wconf 92' lang='grc'>11</span> <span class='ocrx_word' id='word_1_14' title='bbox 973 420 1096 458; x_wconf 84' lang='lat' dir='ltr'>regem</span> <span class='ocrx_word' id='word_1_15' title='bbox 1122 409 1430 458; x_wconf 85' lang='lat' dir='ltr'>omnipotentem,</span> 
     </span>
     <span class='ocr_line' id='line_1_3' title="bbox 451 471 1590 521; baseline 0.001 -13"><span class='ocrx_word' id='word_1_16' title='bbox 451 476 491 508; x_wconf 89' lang='lat' dir='ltr'>et</span> <span class='ocrx_word' id='word_1_17' title='bbox 519 471 642 509; x_wconf 82' lang='lat' dir='ltr'>[esum</span> <span class='ocrx_word' id='word_1_18' title='bbox 669 471 873 518; x_wconf 75' lang='lat' dir='ltr'>Christum,</span> <span class='ocrx_word' id='word_1_19' title='bbox 903 473 922 517; x_wconf 89' lang='grc'>11</span> <span class='ocrx_word' id='word_1_20' title='bbox 953 473 959 517; x_wconf 93' lang='grc'>1</span> <span class='ocrx_word' id='word_1_21' title='bbox 989 475 1158 507; x_wconf 80' lang='lat' dir='ltr'>sanctum</span> <span class='ocrx_word' id='word_1_22' title='bbox 1185 483 1337 520; x_wconf 91' lang='lat' dir='ltr'>quoque</span> <span class='ocrx_word' id='word_1_23' title='bbox 1369 476 1375 520; x_wconf 93' lang='grc'>1</span> <span class='ocrx_word' id='word_1_24' title='bbox 1403 471 1590 521; x_wconf 82' lang='lat' dir='ltr'>spiritum.</span> 
     </span>
     <span class='ocr_line' id='line_1_4' title="bbox 453 534 1388 585; baseline -0.002 -14"><span class='ocrx_word' id='word_1_25' title='bbox 453 534 650 571; x_wconf 77' lang='lat' dir='ltr'>Tenebrae</span> <span class='ocrx_word' id='word_1_26' title='bbox 678 545 794 583; x_wconf 89' lang='lat' dir='ltr'>super</span> <span class='ocrx_word' id='word_1_27' title='bbox 822 540 841 585; x_wconf 89' lang='grc'>11</span> <span class='ocrx_word' id='word_1_28' title='bbox 874 534 880 579; x_wconf 89' lang='grc' dir='ltr'>Ι</span> <span class='ocrx_word' id='word_1_29' title='bbox 908 536 998 570; x_wconf 87' lang='lat' dir='ltr'>ante</span> <span class='ocrx_word' id='word_1_30' title='bbox 1026 537 1136 570; x_wconf 85' lang='lat' dir='ltr'>erant</span> <span class='ocrx_word' id='word_1_31' title='bbox 1164 535 1169 580; x_wconf 91' lang='grc'>1</span> <span class='ocrx_word' id='word_1_32' title='bbox 1198 535 1388 583; x_wconf 81' lang='lat' dir='ltr'>abyssum,</span> 
     </span>
     <span class='ocr_line' id='line_1_5' title="bbox 450 594 1354 647; baseline -0.001 -15"><span class='ocrx_word' id='word_1_33' title='bbox 450 606 565 644; x_wconf 81' lang='lat' dir='ltr'>quam</span> <span class='ocrx_word' id='word_1_34' title='bbox 594 595 763 633; x_wconf 80' lang='lat' dir='ltr'>radiaret</span> <span class='ocrx_word' id='word_1_35' title='bbox 791 598 811 647; x_wconf 90' lang='grc'>11</span> <span class='ocrx_word' id='word_1_36' title='bbox 838 594 986 645; x_wconf 86' lang='lat' dir='ltr'>primus</span> <span class='ocrx_word' id='word_1_37' title='bbox 1016 601 1021 644; x_wconf 90' lang='grc'>1</span> <span class='ocrx_word' id='word_1_38' title='bbox 1050 595 1134 632; x_wconf 86' lang='lat' dir='ltr'>dies</span> <span class='ocrx_word' id='word_1_39' title='bbox 1163 601 1168 642; x_wconf 95' lang='grc'>1</span> <span class='ocrx_word' id='word_1_40' title='bbox 1198 595 1354 634; x_wconf 81' lang='lat' dir='ltr'>dierum.</span> 
     </span>
     <span class='ocr_line' id='line_1_6' title="bbox 190 662 2038 725; baseline 0.002 -15"><span class='ocrx_word' id='word_1_41' title='bbox 190 667 354 710; x_wconf 85' lang='lat' dir='ltr'>Eodem</span> <span class='ocrx_word' id='word_1_42' title='bbox 395 669 516 710; x_wconf 86' lang='lat' dir='ltr'>modo</span> <span class='ocrx_word' id='word_1_43' title='bbox 554 669 814 725; x_wconf 84' lang='lat' dir='ltr'>compositus</span> <span class='ocrx_word' id='word_1_44' title='bbox 853 674 920 710; x_wconf 88' lang='lat' dir='ltr'>est</span> <span class='ocrx_word' id='word_1_45' title='bbox 948 662 1182 724; x_wconf 78' lang='lat' dir='ltr'>“Hymnus</span> <span class='ocrx_word' id='word_1_46' title='bbox 1217 669 1386 724; x_wconf 86' lang='lat' dir='ltr'>quando</span> <span class='ocrx_word' id='word_1_47' title='bbox 1418 669 1730 711; x_wconf 82' lang='lat' dir='ltr'>communicant</span> <span class='ocrx_word' id='word_1_48' title='bbox 1769 666 2038 714; x_wconf 81' lang='lat' dir='ltr'>sacerdotes&#39;&#39;</span> 
     </span>
     <span class='ocr_line' id='line_1_7' title="bbox 78 732 845 793; baseline 0.001 -16"><span class='ocrx_word' id='word_1_49' title='bbox 78 733 143 791; x_wconf 87' lang='lat' dir='ltr'>(p.</span> <span class='ocrx_word' id='word_1_50' title='bbox 172 732 290 789; x_wconf 76' lang='lat'>132),</span> <span class='ocrx_word' id='word_1_51' title='bbox 323 735 445 777; x_wconf 85' lang='lat' dir='ltr'>cuius</span> <span class='ocrx_word' id='word_1_52' title='bbox 477 742 543 779; x_wconf 87' lang='lat' dir='ltr'>est</span> <span class='ocrx_word' id='word_1_53' title='bbox 570 735 845 793; x_wconf 85' lang='lat' dir='ltr'>principium:</span> 
     </span>
     <span class='ocr_line' id='line_1_8' title="bbox 451 812 1448 867; baseline -0.003 -14"><span class='ocrx_word' id='word_1_54' title='bbox 451 812 456 856; x_wconf 84' lang='grc'>1</span> <span class='ocrx_word' id='word_1_55' title='bbox 489 815 619 853; x_wconf 78' lang='lat' dir='ltr'><strong>Sancti</strong></span> <span class='ocrx_word' id='word_1_56' title='bbox 646 817 779 862; x_wconf 78' lang='lat' dir='ltr'>venite,</span> <span class='ocrx_word' id='word_1_57' title='bbox 809 813 828 862; x_wconf 88' lang='grc'>11</span> <span class='ocrx_word' id='word_1_58' title='bbox 859 813 865 863; x_wconf 94' lang='grc'>1</span> <span class='ocrx_word' id='word_1_59' title='bbox 894 814 1039 852; x_wconf 82' lang='lat' dir='ltr'>Christi</span> <span class='ocrx_word' id='word_1_60' title='bbox 1069 816 1074 861; x_wconf 92' lang='grc'>1</span> <span class='ocrx_word' id='word_1_61' title='bbox 1104 825 1243 864; x_wconf 89' lang='lat' dir='ltr'>corpus</span> <span class='ocrx_word' id='word_1_62' title='bbox 1272 821 1278 867; x_wconf 95' lang='grc'>1</span> <span class='ocrx_word' id='word_1_63' title='bbox 1306 816 1448 861; x_wconf 82' lang='lat' dir='ltr'>sumite,</span> 
     </span>
     <span class='ocr_line' id='line_1_9' title="bbox 450 875 1525 925; baseline -0.002 -11"><span class='ocrx_word' id='word_1_64' title='bbox 450 878 457 922; x_wconf 87' lang='grc'>1</span> <span class='ocrx_word' id='word_1_65' title='bbox 487 881 661 914; x_wconf 81' lang='lat' dir='ltr'>sanctum</span> <span class='ocrx_word' id='word_1_66' title='bbox 689 877 873 924; x_wconf 74' lang='lat' dir='ltr'><strong>bibentes,</strong></span> <span class='ocrx_word' id='word_1_67' title='bbox 903 879 921 924; x_wconf 93' lang='grc'>11</span> <span class='ocrx_word' id='word_1_68' title='bbox 949 888 1026 925; x_wconf 91' lang='lat' dir='ltr'>quo</span> <span class='ocrx_word' id='word_1_69' title='bbox 1052 876 1230 923; x_wconf 81' lang='lat' dir='ltr'>redemti,</span> <span class='ocrx_word' id='word_1_70' title='bbox 1260 881 1266 925; x_wconf 95' lang='grc'>1</span> <span class='ocrx_word' id='word_1_71' title='bbox 1295 875 1525 924; x_wconf 87' lang='lat' dir='ltr'>sanguinem.</span> 
     </span>
     <span class='ocr_line' id='line_1_10' title="bbox 191 947 2043 1008; baseline 0.002 -18"><span class='ocrx_word' id='word_1_72' title='bbox 191 947 425 992; x_wconf 86' lang='lat' dir='ltr'>Usitatiore</span> <span class='ocrx_word' id='word_1_73' title='bbox 456 957 588 992; x_wconf 87' lang='lat' dir='ltr'>metro</span> <span class='ocrx_word' id='word_1_74' title='bbox 610 950 828 993; x_wconf 87' lang='lat' dir='ltr'>hibernico</span> <span class='ocrx_word' id='word_1_75' title='bbox 861 950 927 994; x_wconf 86' lang='lat' dir='ltr'>bis</span> <span class='ocrx_word' id='word_1_76' title='bbox 959 956 1229 1006; x_wconf 83' lang='lat' dir='ltr'>septenarum</span> <span class='ocrx_word' id='word_1_77' title='bbox 1260 949 1517 1004; x_wconf 81' lang='lat' dir='ltr'>syllabarum</span> <span class='ocrx_word' id='word_1_78' title='bbox 1539 951 1767 1008; x_wconf 80' lang='lat' dir='ltr'>compositi</span> <span class='ocrx_word' id='word_1_79' title='bbox 1790 947 2043 995; x_wconf 83' lang='lat' dir='ltr'>sunt“Ver-</span> 
     </span>
     <span class='ocr_line' id='line_1_11' title="bbox 76 1011 2039 1075; baseline 0.003 -19"><span class='ocrx_word' id='word_1_80' title='bbox 76 1015 197 1057; x_wconf 85' lang='lat' dir='ltr'>siculi</span> <span class='ocrx_word' id='word_1_81' title='bbox 235 1015 421 1058; x_wconf 83' lang='lat' dir='ltr'>familiae</span> <span class='ocrx_word' id='word_1_82' title='bbox 450 1011 690 1060; x_wconf 72' lang='lat' dir='ltr'>Benchuir³²</span> <span class='ocrx_word' id='word_1_83' title='bbox 732 1018 793 1073; x_wconf 92' lang='lat' dir='ltr'>(p.</span> <span class='ocrx_word' id='word_1_84' title='bbox 839 1016 957 1072; x_wconf 79' lang='lat'>156),</span> <span class='ocrx_word' id='word_1_85' title='bbox 991 1032 1098 1074; x_wconf 87' lang='lat' dir='ltr'>quos</span> <span class='ocrx_word' id='word_1_86' title='bbox 1130 1017 1183 1059; x_wconf 92' lang='lat' dir='ltr'>ob</span> <span class='ocrx_word' id='word_1_87' title='bbox 1221 1017 1546 1059; x_wconf 80' lang='lat' dir='ltr'>consonantiam</span> <span class='ocrx_word' id='word_1_88' title='bbox 1584 1019 1869 1074; x_wconf 79' lang='lat' dir='ltr'>copulativam</span> <span class='ocrx_word' id='word_1_89' title='bbox 1903 1019 2039 1075; x_wconf 85' lang='lat' dir='ltr'>dupli-</span> 
     </span>
     <span class='ocr_line' id='line_1_12' title="bbox 75 1083 1915 1141; baseline 0.003 -18"><span class='ocrx_word' id='word_1_90' title='bbox 75 1096 184 1132; x_wconf 88' lang='lat' dir='ltr'>cem,</span> <span class='ocrx_word' id='word_1_91' title='bbox 218 1098 395 1139; x_wconf 87' lang='lat' dir='ltr'>eamque</span> <span class='ocrx_word' id='word_1_92' title='bbox 434 1084 700 1139; x_wconf 81' lang='lat' dir='ltr'>bisyliabam,</span> <span class='ocrx_word' id='word_1_93' title='bbox 732 1096 816 1126; x_wconf 83' lang='lat' dir='ltr'>tum</span> <span class='ocrx_word' id='word_1_94' title='bbox 848 1085 1019 1141; x_wconf 79' lang='lat' dir='ltr'>plenam</span> <span class='ocrx_word' id='word_1_95' title='bbox 1047 1091 1136 1126; x_wconf 82' lang='lat' dir='ltr'>tum</span> <span class='ocrx_word' id='word_1_96' title='bbox 1166 1083 1474 1140; x_wconf 78' lang='lat' dir='ltr'>imperfectam,</span> <span class='ocrx_word' id='word_1_97' title='bbox 1506 1085 1716 1141; x_wconf 79' lang='lat' dir='ltr'>proferam</span> <span class='ocrx_word' id='word_1_98' title='bbox 1747 1101 1915 1129; x_wconf 86' lang='lat' dir='ltr'>omnes:</span> 
     </span>
    </p>
   </div>
   <div class='ocr_carea' id='block_1_3' title="bbox 395 1159 1637 1404">
    <p class='ocr_par' dir='ltr' id='par_1_3' title="bbox 399 1159 1536 1215">
     <span class='ocr_line' id='line_1_13' title="bbox 399 1159 1536 1215; baseline 0.003 -17"><span class='ocrx_word' id='word_1_99' title='bbox 399 1159 406 1203; x_wconf 88' lang='grc' dir='ltr'>Ι</span> <span class='ocrx_word' id='word_1_100' title='bbox 435 1162 629 1201; x_wconf 73' lang='lat' dir='ltr'>Berechuir</span> <span class='ocrx_word' id='word_1_101' title='bbox 656 1161 662 1205; x_wconf 86' lang='grc'>1</span> <span class='ocrx_word' id='word_1_102' title='bbox 692 1163 788 1200; x_wconf 76' lang='lat' dir='ltr'>bona</span> <span class='ocrx_word' id='word_1_103' title='bbox 817 1165 823 1210; x_wconf 91' lang='grc'>1</span> <span class='ocrx_word' id='word_1_104' title='bbox 851 1164 996 1214; x_wconf 79' lang='lat' dir='ltr'>regula,</span> <span class='ocrx_word' id='word_1_105' title='bbox 1027 1169 1046 1215; x_wconf 93' lang='grc'>11</span> <span class='ocrx_word' id='word_1_106' title='bbox 1078 1168 1084 1211; x_wconf 91' lang='grc'>1</span> <span class='ocrx_word' id='word_1_107' title='bbox 1114 1167 1218 1199; x_wconf 88' lang='lat' dir='ltr'>recta</span> <span class='ocrx_word' id='word_1_108' title='bbox 1244 1166 1360 1211; x_wconf 85' lang='lat' dir='ltr'>atque</span> <span class='ocrx_word' id='word_1_109' title='bbox 1389 1163 1536 1211; x_wconf 81' lang='lat' dir='ltr'>divina,</span> 
     </span>
    </p>

    <p class='ocr_par' dir='ltr' id='par_1_4' title="bbox 395 1224 1637 1404">
     <span class='ocr_line' id='line_1_14' title="bbox 407 1224 1614 1278; baseline 0.002 -16"><span class='ocrx_word' id='word_1_110' title='bbox 407 1227 414 1271; x_wconf 87' lang='grc'>1</span> <span class='ocrx_word' id='word_1_111' title='bbox 444 1225 587 1273; x_wconf 85' lang='lat' dir='ltr'>stricta,</span> <span class='ocrx_word' id='word_1_112' title='bbox 617 1232 623 1278; x_wconf 93' lang='grc'>1</span> <span class='ocrx_word' id='word_1_113' title='bbox 653 1231 796 1273; x_wconf 82' lang='lat' dir='ltr'>sancta,</span> <span class='ocrx_word' id='word_1_114' title='bbox 820 1226 827 1275; x_wconf 92' lang='grc'>1</span> <span class='ocrx_word' id='word_1_115' title='bbox 851 1225 995 1274; x_wconf 83' lang='lat' dir='ltr'>sedula,</span> <span class='ocrx_word' id='word_1_116' title='bbox 1024 1232 1043 1278; x_wconf 91' lang='grc'>11</span> <span class='ocrx_word' id='word_1_117' title='bbox 1071 1227 1079 1272; x_wconf 90' lang='grc'>1</span> <span class='ocrx_word' id='word_1_118' title='bbox 1109 1236 1271 1269; x_wconf 84' lang='lat' dir='ltr'>summa,</span> <span class='ocrx_word' id='word_1_119' title='bbox 1302 1224 1405 1262; x_wconf 83' lang='lat' dir='ltr'>iusta</span> <span class='ocrx_word' id='word_1_120' title='bbox 1430 1237 1475 1263; x_wconf 86' lang='lat' dir='ltr'>ac</span> <span class='ocrx_word' id='word_1_121' title='bbox 1505 1229 1614 1264; x_wconf 83' lang='lat' dir='ltr'>mira.</span> 
     </span>
     <span class='ocr_line' id='line_1_15' title="bbox 398 1285 1637 1345; baseline 0.002 -21"><span class='ocrx_word' id='word_1_122' title='bbox 398 1285 601 1325; x_wconf 72' lang='lat' dir='ltr'>Munther&#39;*</span> <span class='ocrx_word' id='word_1_123' title='bbox 632 1293 638 1338; x_wconf 94' lang='grc'>1</span> <span class='ocrx_word' id='word_1_124' title='bbox 668 1286 862 1326; x_wconf 88' lang='lat' dir='ltr'>Benchuir</span> <span class='ocrx_word' id='word_1_125' title='bbox 892 1297 897 1345; x_wconf 95' lang='grc'>1</span> <span class='ocrx_word' id='word_1_126' title='bbox 925 1290 1053 1336; x_wconf 81' lang='lat' dir='ltr'>beata,</span> <span class='ocrx_word' id='word_1_127' title='bbox 1083 1294 1101 1340; x_wconf 91' lang='grc'>11</span> <span class='ocrx_word' id='word_1_128' title='bbox 1135 1295 1139 1339; x_wconf 93' lang='grc'>1</span> <span class='ocrx_word' id='word_1_129' title='bbox 1168 1288 1246 1326; x_wconf 84' lang='lat' dir='ltr'>fide</span> <span class='ocrx_word' id='word_1_130' title='bbox 1276 1291 1281 1335; x_wconf 90' lang='grc'>1</span> <span class='ocrx_word' id='word_1_131' title='bbox 1311 1287 1470 1326; x_wconf 77' lang='lat' dir='ltr'>fundata</span> <span class='ocrx_word' id='word_1_132' title='bbox 1493 1287 1500 1338; x_wconf 90' lang='grc' dir='ltr'>Ι</span> <span class='ocrx_word' id='word_1_133' title='bbox 1523 1295 1637 1337; x_wconf 74' lang='lat' dir='ltr'>certa,</span> 
     </span>
     <span class='ocr_line' id='line_1_16' title="bbox 395 1349 1364 1404; baseline 0.001 -17"><span class='ocrx_word' id='word_1_134' title='bbox 395 1351 401 1398; x_wconf 84' lang='lat'>1</span> <span class='ocrx_word' id='word_1_135' title='bbox 430 1362 499 1399; x_wconf 85' lang='lat' dir='ltr'>spe</span> <span class='ocrx_word' id='word_1_136' title='bbox 527 1351 533 1392; x_wconf 87' lang='grc'>1</span> <span class='ocrx_word' id='word_1_137' title='bbox 564 1351 700 1388; x_wconf 83' lang='lat' dir='ltr'>salutis</span> <span class='ocrx_word' id='word_1_138' title='bbox 730 1359 876 1400; x_wconf 73' lang='lat' dir='ltr'>ornata,</span> <span class='ocrx_word' id='word_1_139' title='bbox 919 1359 925 1404; x_wconf 95' lang='grc'>1</span> <span class='ocrx_word' id='word_1_140' title='bbox 956 1357 962 1402; x_wconf 92' lang='grc'>1</span> <span class='ocrx_word' id='word_1_141' title='bbox 993 1350 1152 1389; x_wconf 83' lang='lat' dir='ltr'>caritate</span> <span class='ocrx_word' id='word_1_142' title='bbox 1177 1349 1364 1400; x_wconf 62' lang='lat' dir='ltr'>perlfecta.</span> 
     </span>
    </p>
   </div>
   <div class='ocr_carea' id='block_1_4' title="bbox 387 1411 1698 2398">
    <p class='ocr_par' dir='ltr' id='par_1_5' title="bbox 395 1411 1698 1529">
     <span class='ocr_line' id='line_1_17' title="bbox 395 1411 1698 1471; baseline 0.001 -21"><span class='ocrx_word' id='word_1_143' title='bbox 395 1419 402 1462; x_wconf 92' lang='grc'>1</span> <span class='ocrx_word' id='word_1_144' title='bbox 433 1411 553 1450; x_wconf 86' lang='lat' dir='ltr'>Navis</span> <span class='ocrx_word' id='word_1_145' title='bbox 584 1421 589 1466; x_wconf 97' lang='grc'>1</span> <span class='ocrx_word' id='word_1_146' title='bbox 618 1425 815 1463; x_wconf 87' lang='lat' dir='ltr'>nunqnam</span> <span class='ocrx_word' id='word_1_147' title='bbox 844 1420 850 1464; x_wconf 94' lang='grc'>1</span> <span class='ocrx_word' id='word_1_148' title='bbox 878 1413 1046 1460; x_wconf 81' lang='lat' dir='ltr'>turbata,</span> <span class='ocrx_word' id='word_1_149' title='bbox 1075 1421 1094 1471; x_wconf 92' lang='grc'>11</span> <span class='ocrx_word' id='word_1_150' title='bbox 1122 1412 1299 1463; x_wconf 86' lang='lat' dir='ltr'>quamvis</span> <span class='ocrx_word' id='word_1_151' title='bbox 1325 1413 1510 1451; x_wconf 80' lang='lat' dir='ltr'>fluctibus</span> <span class='ocrx_word' id='word_1_152' title='bbox 1543 1417 1549 1468; x_wconf 93' lang='grc'>1</span> <span class='ocrx_word' id='word_1_153' title='bbox 1579 1418 1698 1461; x_wconf 70' lang='lat' dir='ltr'>tonsa,</span> 
     </span>
     <span class='ocr_line' id='line_1_18' title="bbox 399 1475 1455 1529; baseline 0.003 -18"><span class='ocrx_word' id='word_1_154' title='bbox 399 1478 405 1528; x_wconf 95' lang='grc'>1</span> <span class='ocrx_word' id='word_1_155' title='bbox 434 1475 580 1524; x_wconf 86' lang='lat' dir='ltr'>nuptiis</span> <span class='ocrx_word' id='word_1_156' title='bbox 607 1488 759 1526; x_wconf 87' lang='lat' dir='ltr'>quaque</span> <span class='ocrx_word' id='word_1_157' title='bbox 787 1482 933 1526; x_wconf 74' lang='lat' dir='ltr'>parata,</span> <span class='ocrx_word' id='word_1_158' title='bbox 965 1480 982 1529; x_wconf 91' lang='grc'>11</span> <span class='ocrx_word' id='word_1_159' title='bbox 1010 1475 1095 1524; x_wconf 86' lang='lat' dir='ltr'>regi</span> <span class='ocrx_word' id='word_1_160' title='bbox 1121 1476 1276 1513; x_wconf 83' lang='lat' dir='ltr'>domino</span> <span class='ocrx_word' id='word_1_161' title='bbox 1304 1487 1455 1525; x_wconf 75' lang='lat' dir='ltr'>sponsa.</span> 
     </span>
    </p>

    <p class='ocr_par' dir='ltr' id='par_1_6' title="bbox 395 1535 1655 1653">
     <span class='ocr_line' id='line_1_19' title="bbox 396 1535 1655 1591; baseline 0 -17"><span class='ocrx_word' id='word_1_162' title='bbox 396 1538 402 1582; x_wconf 89' lang='grc'>1</span> <span class='ocrx_word' id='word_1_163' title='bbox 435 1535 579 1574; x_wconf 84' lang='lat' dir='ltr'>Domus</span> <span class='ocrx_word' id='word_1_164' title='bbox 607 1545 613 1588; x_wconf 89' lang='grc'>1</span> <span class='ocrx_word' id='word_1_165' title='bbox 644 1538 795 1576; x_wconf 85' lang='lat' dir='ltr'>deliciis</span> <span class='ocrx_word' id='word_1_166' title='bbox 826 1547 832 1591; x_wconf 91' lang='grc'>1</span> <span class='ocrx_word' id='word_1_167' title='bbox 860 1538 986 1588; x_wconf 81' lang='lat' dir='ltr'>plena,</span> <span class='ocrx_word' id='word_1_168' title='bbox 1013 1545 1038 1589; x_wconf 92' lang='grc'>11</span> <span class='ocrx_word' id='word_1_169' title='bbox 1066 1550 1183 1588; x_wconf 86' lang='lat' dir='ltr'>super</span> <span class='ocrx_word' id='word_1_170' title='bbox 1212 1540 1218 1587; x_wconf 99' lang='grc'>1</span> <span class='ocrx_word' id='word_1_171' title='bbox 1247 1541 1398 1587; x_wconf 88' lang='lat' dir='ltr'>petram</span> <span class='ocrx_word' id='word_1_172' title='bbox 1426 1543 1655 1584; x_wconf 79' lang='lat' dir='ltr'>constructa,</span> 
     </span>
     <span class='ocr_line' id='line_1_20' title="bbox 395 1599 1568 1653; baseline 0.002 -18"><span class='ocrx_word' id='word_1_173' title='bbox 395 1610 466 1635; x_wconf 88' lang='lat' dir='ltr'>nec</span> <span class='ocrx_word' id='word_1_174' title='bbox 491 1611 567 1636; x_wconf 91' lang='lat' dir='ltr'>non</span> <span class='ocrx_word' id='word_1_175' title='bbox 600 1603 605 1649; x_wconf 96' lang='grc'>1</span> <span class='ocrx_word' id='word_1_176' title='bbox 635 1600 760 1648; x_wconf 81' lang='lat' dir='ltr'>vinea,</span> <span class='ocrx_word' id='word_1_177' title='bbox 792 1599 797 1642; x_wconf 87' lang='grc'>1</span> <span class='ocrx_word' id='word_1_178' title='bbox 826 1613 927 1648; x_wconf 80' lang='lat' dir='ltr'>vera,</span> <span class='ocrx_word' id='word_1_179' title='bbox 972 1604 978 1653; x_wconf 94' lang='grc'>1</span> <span class='ocrx_word' id='word_1_180' title='bbox 1008 1613 1055 1637; x_wconf 83' lang='lat' dir='ltr'>ex</span> <span class='ocrx_word' id='word_1_181' title='bbox 1083 1601 1262 1652; x_wconf 78' lang='lat' dir='ltr'>Aegypto</span> <span class='ocrx_word' id='word_1_182' title='bbox 1289 1599 1568 1638; x_wconf 53' lang='lat' dir='ltr'>transductam*</span> 
     </span>
    </p>

    <p class='ocr_par' dir='ltr' id='par_1_7' title="bbox 392 1653 1530 1776">
     <span class='ocr_line' id='line_1_21' title="bbox 396 1653 1530 1716; baseline 0.003 -19"><span class='ocrx_word' id='word_1_183' title='bbox 396 1659 401 1701; x_wconf 85' lang='grc' dir='ltr'>Ι</span> <span class='ocrx_word' id='word_1_184' title='bbox 431 1653 548 1698; x_wconf 43' lang='lat' dir='ltr'>Certe·</span> <span class='ocrx_word' id='word_1_185' title='bbox 575 1667 582 1712; x_wconf 93' lang='grc'>1</span> <span class='ocrx_word' id='word_1_186' title='bbox 611 1662 746 1700; x_wconf 70' lang='lat' dir='ltr'>civitas</span> <span class='ocrx_word' id='word_1_187' title='bbox 774 1669 781 1716; x_wconf 92' lang='grc'>1</span> <span class='ocrx_word' id='word_1_188' title='bbox 809 1663 933 1711; x_wconf 61' lang='lat' dir='ltr'>firma,</span> <span class='ocrx_word' id='word_1_189' title='bbox 966 1661 984 1708; x_wconf 92' lang='grc' dir='ltr'>ΙΙ</span> <span class='ocrx_word' id='word_1_190' title='bbox 1017 1664 1023 1712; x_wconf 96' lang='grc'>1</span> <span class='ocrx_word' id='word_1_191' title='bbox 1050 1663 1161 1700; x_wconf 86' lang='lat' dir='ltr'>fortis</span> <span class='ocrx_word' id='word_1_192' title='bbox 1189 1667 1305 1712; x_wconf 87' lang='lat' dir='ltr'>atque</span> <span class='ocrx_word' id='word_1_193' title='bbox 1335 1664 1342 1711; x_wconf 94' lang='grc'>1</span> <span class='ocrx_word' id='word_1_194' title='bbox 1370 1666 1530 1711; x_wconf 75' lang='lat' dir='ltr'>munita,</span> 
     </span>
     <span class='ocr_line' id='line_1_22' title="bbox 392 1721 1380 1776; baseline 0.005 -18"><span class='ocrx_word' id='word_1_195' title='bbox 392 1721 558 1771; x_wconf 84' lang='lat' dir='ltr'>gloriosa</span> <span class='ocrx_word' id='word_1_196' title='bbox 585 1736 630 1761; x_wconf 85' lang='lat' dir='ltr'>ac</span> <span class='ocrx_word' id='word_1_197' title='bbox 655 1724 782 1774; x_wconf 63' lang='lat' dir='ltr'>digna,</span> <span class='ocrx_word' id='word_1_198' title='bbox 814 1724 833 1769; x_wconf 87' lang='grc'>11</span> <span class='ocrx_word' id='word_1_199' title='bbox 862 1737 980 1775; x_wconf 85' lang='lat' dir='ltr'>supra</span> <span class='ocrx_word' id='word_1_200' title='bbox 1010 1722 1016 1769; x_wconf 87' lang='grc'>1</span> <span class='ocrx_word' id='word_1_201' title='bbox 1045 1730 1216 1764; x_wconf 87' lang='lat' dir='ltr'>montem</span> <span class='ocrx_word' id='word_1_202' title='bbox 1241 1727 1380 1776; x_wconf 74' lang='lat' dir='ltr'>posita.</span> 
     </span>
    </p>

    <p class='ocr_par' dir='ltr' id='par_1_8' title="bbox 401 1785 1480 1841">
     <span class='ocr_line' id='line_1_23' title="bbox 401 1785 1480 1841; baseline 0.004 -20"><span class='ocrx_word' id='word_1_203' title='bbox 401 1786 422 1834; x_wconf 92' lang='grc'>11</span> <span class='ocrx_word' id='word_1_204' title='bbox 449 1785 550 1822; x_wconf 86' lang='lat' dir='ltr'>Arca</span> <span class='ocrx_word' id='word_1_205' title='bbox 578 1785 772 1824; x_wconf 79' lang='lat' dir='ltr'>Cherubin</span> <span class='ocrx_word' id='word_1_206' title='bbox 800 1791 908 1835; x_wconf 79' lang='lat' dir='ltr'>tecta,</span> <span class='ocrx_word' id='word_1_207' title='bbox 940 1792 956 1838; x_wconf 91' lang='grc'>11</span> <span class='ocrx_word' id='word_1_208' title='bbox 988 1792 995 1837; x_wconf 93' lang='grc'>1</span> <span class='ocrx_word' id='word_1_209' title='bbox 1023 1788 1128 1825; x_wconf 89' lang='lat' dir='ltr'>omni</span> <span class='ocrx_word' id='word_1_210' title='bbox 1155 1791 1267 1837; x_wconf 84' lang='lat' dir='ltr'>parte</span> <span class='ocrx_word' id='word_1_211' title='bbox 1297 1796 1302 1841; x_wconf 95' lang='grc'>1</span> <span class='ocrx_word' id='word_1_212' title='bbox 1332 1795 1480 1836; x_wconf 81' lang='lat' dir='ltr'>aurata,</span> 
     </span>
    </p>

    <p class='ocr_par' dir='ltr' id='par_1_9' title="bbox 391 1848 1473 1965">
     <span class='ocr_line' id='line_1_24' title="bbox 391 1848 1473 1904; baseline 0.004 -21"><span class='ocrx_word' id='word_1_213' title='bbox 391 1849 397 1897; x_wconf 92' lang='grc'>1</span> <span class='ocrx_word' id='word_1_214' title='bbox 428 1848 692 1901; x_wconf 67' lang='grc' dir='ltr'>ειεοῐο1εειῃοῒίε</span> <span class='ocrx_word' id='word_1_215' title='bbox 719 1849 881 1904; x_wconf 66' lang='grc' dir='ltr'>Γε1ῑενία,</span> <span class='ocrx_word' id='word_1_216' title='bbox 913 1857 929 1903; x_wconf 89' lang='grc'>11</span> <span class='ocrx_word' id='word_1_217' title='bbox 964 1855 969 1901; x_wconf 94' lang='grc'>1</span> <span class='ocrx_word' id='word_1_218' title='bbox 997 1849 1091 1887; x_wconf 83' lang='lat' dir='ltr'>viris</span> <span class='ocrx_word' id='word_1_219' title='bbox 1119 1854 1283 1900; x_wconf 86' lang='lat' dir='ltr'>quatuor</span> <span class='ocrx_word' id='word_1_220' title='bbox 1309 1853 1473 1900; x_wconf 84' lang='lat' dir='ltr'>portata.</span> 
     </span>
     <span class='ocr_line' id='line_1_25' title="bbox 392 1907 1403 1965; baseline 0.005 -20"><span class='ocrx_word' id='word_1_221' title='bbox 392 1907 546 1947; x_wconf 88' lang='lat' dir='ltr'>Christo</span> <span class='ocrx_word' id='word_1_222' title='bbox 572 1911 708 1961; x_wconf 80' lang='lat' dir='ltr'>regina</span> <span class='ocrx_word' id='word_1_223' title='bbox 737 1916 744 1965; x_wconf 97' lang='grc'>1</span> <span class='ocrx_word' id='word_1_224' title='bbox 770 1918 871 1961; x_wconf 80' lang='lat' dir='ltr'>apta,</span> <span class='ocrx_word' id='word_1_225' title='bbox 917 1917 958 1963; x_wconf 84' lang='grc'>111</span> <span class='ocrx_word' id='word_1_226' title='bbox 989 1911 1081 1949; x_wconf 84' lang='lat' dir='ltr'>solis</span> <span class='ocrx_word' id='word_1_227' title='bbox 1108 1912 1193 1950; x_wconf 89' lang='lat' dir='ltr'>luce</span> <span class='ocrx_word' id='word_1_228' title='bbox 1222 1919 1228 1964; x_wconf 92' lang='grc'>1</span> <span class='ocrx_word' id='word_1_229' title='bbox 1257 1915 1403 1959; x_wconf 78' lang='lat' dir='ltr'>amicta,</span> 
     </span>
    </p>

    <p class='ocr_par' dir='ltr' id='par_1_10' title="bbox 389 1971 1588 2029">
     <span class='ocr_line' id='line_1_26' title="bbox 389 1971 1588 2029; baseline 0.003 -20"><span class='ocrx_word' id='word_1_230' title='bbox 389 1975 399 2028; x_wconf 91' lang='grc'>1</span> <span class='ocrx_word' id='word_1_231' title='bbox 428 1971 593 2023; x_wconf 80' lang='lat' dir='ltr'>simplex</span> <span class='ocrx_word' id='word_1_232' title='bbox 623 1980 629 2024; x_wconf 92' lang='grc'>1</span> <span class='ocrx_word' id='word_1_233' title='bbox 659 1973 851 2024; x_wconf 85' lang='lat' dir='ltr'>simulque</span> <span class='ocrx_word' id='word_1_234' title='bbox 879 1974 1000 2021; x_wconf 78' lang='lat' dir='ltr'>docta,</span> <span class='ocrx_word' id='word_1_235' title='bbox 1030 1980 1047 2026; x_wconf 91' lang='grc'>11</span> <span class='ocrx_word' id='word_1_236' title='bbox 1079 1981 1085 2026; x_wconf 94' lang='grc'>1</span> <span class='ocrx_word' id='word_1_237' title='bbox 1113 1974 1370 2025; x_wconf 85' lang='lat' dir='ltr'>undecunque</span> <span class='ocrx_word' id='word_1_238' title='bbox 1400 1981 1406 2029; x_wconf 94' lang='grc'>1</span> <span class='ocrx_word' id='word_1_239' title='bbox 1437 1974 1588 2013; x_wconf 80' lang='lat' dir='ltr'>invicta.</span> 
     </span>
    </p>

    <p class='ocr_par' dir='ltr' id='par_1_11' title="bbox 389 2033 1640 2277">
     <span class='ocr_line' id='line_1_27' title="bbox 389 2033 1498 2093; baseline 0.002 -21"><span class='ocrx_word' id='word_1_240' title='bbox 389 2042 396 2086; x_wconf 95' lang='grc'>1</span> <span class='ocrx_word' id='word_1_241' title='bbox 428 2033 529 2073; x_wconf 86' lang='lat' dir='ltr'>Vere</span> <span class='ocrx_word' id='word_1_242' title='bbox 557 2036 698 2086; x_wconf 86' lang='lat' dir='ltr'>regalis</span> <span class='ocrx_word' id='word_1_243' title='bbox 726 2043 733 2093; x_wconf 94' lang='grc'>1</span> <span class='ocrx_word' id='word_1_244' title='bbox 764 2037 864 2084; x_wconf 76' lang='lat' dir='ltr'>aula,</span> <span class='ocrx_word' id='word_1_245' title='bbox 893 2044 913 2092; x_wconf 93' lang='grc'>11</span> <span class='ocrx_word' id='word_1_246' title='bbox 941 2045 948 2091; x_wconf 91' lang='grc'>1</span> <span class='ocrx_word' id='word_1_247' title='bbox 978 2038 1097 2076; x_wconf 79' lang='lat' dir='ltr'>variis</span> <span class='ocrx_word' id='word_1_248' title='bbox 1125 2039 1288 2088; x_wconf 84' lang='lat' dir='ltr'>gemmis</span> <span class='ocrx_word' id='word_1_249' title='bbox 1317 2045 1324 2089; x_wconf 93' lang='grc'>1</span> <span class='ocrx_word' id='word_1_250' title='bbox 1352 2043 1498 2085; x_wconf 70' lang='lat' dir='ltr'>ornata,</span> 
     </span>
     <span class='ocr_line' id='line_1_28' title="bbox 392 2098 1627 2152; baseline 0.002 -19"><span class='ocrx_word' id='word_1_251' title='bbox 392 2098 597 2148; x_wconf 73' lang='lat' dir='ltr'>gregisque</span> <span class='ocrx_word' id='word_1_252' title='bbox 626 2101 634 2146; x_wconf 92' lang='grc'>1</span> <span class='ocrx_word' id='word_1_253' title='bbox 664 2098 811 2137; x_wconf 79' lang='lat' dir='ltr'>Christi</span> <span class='ocrx_word' id='word_1_254' title='bbox 838 2099 846 2149; x_wconf 95' lang='grc'>1</span> <span class='ocrx_word' id='word_1_255' title='bbox 875 2099 997 2147; x_wconf 74' lang='lat' dir='ltr'>caula,</span> <span class='ocrx_word' id='word_1_256' title='bbox 1028 2103 1047 2151; x_wconf 93' lang='grc'>11</span> <span class='ocrx_word' id='word_1_257' title='bbox 1075 2104 1185 2150; x_wconf 81' lang='lat' dir='ltr'>patre</span> <span class='ocrx_word' id='word_1_258' title='bbox 1214 2105 1220 2149; x_wconf 92' lang='grc'>1</span> <span class='ocrx_word' id='word_1_259' title='bbox 1250 2113 1398 2139; x_wconf 87' lang='lat' dir='ltr'>summo</span> <span class='ocrx_word' id='word_1_260' title='bbox 1426 2105 1434 2152; x_wconf 93' lang='grc'>1</span> <span class='ocrx_word' id='word_1_261' title='bbox 1466 2106 1627 2139; x_wconf 77' lang='lat' dir='ltr'>servata.</span> 
     </span>
     <span class='ocr_line' id='line_1_29' title="bbox 398 2158 1640 2217; baseline 0.001 -19"><span class='ocrx_word' id='word_1_262' title='bbox 398 2158 405 2204; x_wconf 85' lang='grc' dir='ltr'>Ι</span> <span class='ocrx_word' id='word_1_263' title='bbox 433 2161 564 2211; x_wconf 85' lang='lat' dir='ltr'>Virgo,</span> <span class='ocrx_word' id='word_1_264' title='bbox 593 2166 599 2210; x_wconf 92' lang='grc'>1</span> <span class='ocrx_word' id='word_1_265' title='bbox 630 2161 741 2198; x_wconf 83' lang='lat' dir='ltr'>valde</span> <span class='ocrx_word' id='word_1_266' title='bbox 771 2170 777 2215; x_wconf 90' lang='grc'>1</span> <span class='ocrx_word' id='word_1_267' title='bbox 806 2160 996 2199; x_wconf 75' lang='lat' dir='ltr'>foecunda</span> <span class='ocrx_word' id='word_1_268' title='bbox 1026 2166 1044 2215; x_wconf 95' lang='grc'>11</span> <span class='ocrx_word' id='word_1_269' title='bbox 1075 2168 1083 2217; x_wconf 94' lang='grc'>1</span> <span class='ocrx_word' id='word_1_270' title='bbox 1109 2162 1206 2200; x_wconf 84' lang='lat' dir='ltr'>haec</span> <span class='ocrx_word' id='word_1_271' title='bbox 1232 2168 1272 2201; x_wconf 87' lang='lat' dir='ltr'>et</span> <span class='ocrx_word' id='word_1_272' title='bbox 1298 2166 1422 2200; x_wconf 80' lang='lat' dir='ltr'>mater</span> <span class='ocrx_word' id='word_1_273' title='bbox 1450 2167 1456 2217; x_wconf 93' lang='grc'>1</span> <span class='ocrx_word' id='word_1_274' title='bbox 1484 2162 1640 2209; x_wconf 68' lang='lat' dir='ltr'>intacta,</span> 
     </span>
     <span class='ocr_line' id='line_1_30' title="bbox 390 2223 1378 2277; baseline 0.003 -17"><span class='ocrx_word' id='word_1_275' title='bbox 390 2223 492 2260; x_wconf 86' lang='lat' dir='ltr'>laeta</span> <span class='ocrx_word' id='word_1_276' title='bbox 517 2235 562 2260; x_wconf 90' lang='lat' dir='ltr'>ac</span> <span class='ocrx_word' id='word_1_277' title='bbox 589 2223 853 2271; x_wconf 72' lang='lat' dir='ltr'>tremebunda,</span> <span class='ocrx_word' id='word_1_278' title='bbox 884 2228 901 2276; x_wconf 94' lang='grc'>11</span> <span class='ocrx_word' id='word_1_279' title='bbox 934 2230 941 2277; x_wconf 95' lang='grc'>1</span> <span class='ocrx_word' id='word_1_280' title='bbox 968 2224 1085 2262; x_wconf 83' lang='lat' dir='ltr'>verbo</span> <span class='ocrx_word' id='word_1_281' title='bbox 1113 2225 1177 2262; x_wconf 91' lang='lat' dir='ltr'>dei</span> <span class='ocrx_word' id='word_1_282' title='bbox 1207 2226 1378 2263; x_wconf 81' lang='lat' dir='ltr'>subacta.</span> 
     </span>
    </p>

    <p class='ocr_par' dir='ltr' id='par_1_12' title="bbox 388 2284 1345 2339">
     <span class='ocr_line' id='line_1_31' title="bbox 388 2284 1345 2339; baseline 0.003 -17"><span class='ocrx_word' id='word_1_283' title='bbox 388 2285 463 2323; x_wconf 90' lang='lat' dir='ltr'>Cui</span> <span class='ocrx_word' id='word_1_284' title='bbox 491 2289 497 2336; x_wconf 93' lang='grc'>1</span> <span class='ocrx_word' id='word_1_285' title='bbox 529 2286 608 2323; x_wconf 81' lang='lat' dir='ltr'>vita</span> <span class='ocrx_word' id='word_1_286' title='bbox 634 2287 749 2323; x_wconf 81' lang='lat' dir='ltr'>beata</span> <span class='ocrx_word' id='word_1_287' title='bbox 779 2291 795 2339; x_wconf 90' lang='grc'>11</span> <span class='ocrx_word' id='word_1_288' title='bbox 826 2298 913 2324; x_wconf 87' lang='lat' dir='ltr'>cum</span> <span class='ocrx_word' id='word_1_289' title='bbox 941 2284 1136 2336; x_wconf 73' lang='lat' dir='ltr'>perlfectis</span> <span class='ocrx_word' id='word_1_290' title='bbox 1166 2287 1174 2336; x_wconf 90' lang='grc'>1</span> <span class='ocrx_word' id='word_1_291' title='bbox 1200 2287 1345 2335; x_wconf 70' lang='lat' dir='ltr'>futura,</span> 
     </span>
    </p>

    <p class='ocr_par' dir='ltr' id='par_1_13' title="bbox 387 2348 1356 2398">
     <span class='ocr_line' id='line_1_32' title="bbox 387 2348 1356 2398; baseline 0 -12"><span class='ocrx_word' id='word_1_292' title='bbox 387 2348 459 2387; x_wconf 80' lang='lat' dir='ltr'>deo</span> <span class='ocrx_word' id='word_1_293' title='bbox 488 2351 495 2398; x_wconf 90' lang='grc'>1</span> <span class='ocrx_word' id='word_1_294' title='bbox 525 2352 633 2398; x_wconf 89' lang='lat' dir='ltr'>patre</span> <span class='ocrx_word' id='word_1_295' title='bbox 664 2352 673 2397; x_wconf 91' lang='grc'>1</span> <span class='ocrx_word' id='word_1_296' title='bbox 699 2355 848 2397; x_wconf 82' lang='lat' dir='ltr'>parata,</span> <span class='ocrx_word' id='word_1_297' title='bbox 877 2352 897 2397; x_wconf 91' lang='grc'>11</span> <span class='ocrx_word' id='word_1_298' title='bbox 927 2351 1005 2386; x_wconf 79' lang='lat' dir='ltr'>sine</span> <span class='ocrx_word' id='word_1_299' title='bbox 1033 2353 1040 2398; x_wconf 95' lang='grc'>1</span> <span class='ocrx_word' id='word_1_300' title='bbox 1068 2348 1142 2386; x_wconf 70' lang='lat' dir='ltr'>fine</span> <span class='ocrx_word' id='word_1_301' title='bbox 1169 2361 1356 2386; x_wconf 78' lang='lat' dir='ltr'>mansura</span> 
     </span>
    </p>
   </div>
   <div class='ocr_carea' id='block_1_5' title="bbox 63 2421 2035 3017">
    <p class='ocr_par' dir='ltr' id='par_1_14' title="bbox 65 2421 2035 2613">
     <span class='ocr_line' id='line_1_33' title="bbox 177 2421 2035 2478; baseline 0.002 -14"><span class='ocrx_word' id='word_1_302' title='bbox 177 2421 353 2465; x_wconf 81' lang='lat' dir='ltr'>Praeter</span> <span class='ocrx_word' id='word_1_303' title='bbox 389 2437 460 2475; x_wconf 87' lang='lat' dir='ltr'>ea,</span> <span class='ocrx_word' id='word_1_304' title='bbox 499 2436 607 2478; x_wconf 82' lang='lat' dir='ltr'>quae</span> <span class='ocrx_word' id='word_1_305' title='bbox 638 2428 737 2464; x_wconf 88' lang='lat' dir='ltr'>sunt</span> <span class='ocrx_word' id='word_1_306' title='bbox 766 2421 973 2476; x_wconf 82' lang='lat' dir='ltr'>indicata,</span> <span class='ocrx_word' id='word_1_307' title='bbox 1013 2423 1393 2466; x_wconf 84' lang='lat' dir='ltr'>animadvertenda</span> <span class='ocrx_word' id='word_1_308' title='bbox 1422 2430 1488 2466; x_wconf 88' lang='lat' dir='ltr'>est</span> <span class='ocrx_word' id='word_1_309' title='bbox 1517 2424 1797 2465; x_wconf 80' lang='lat' dir='ltr'>consonantia</span> <span class='ocrx_word' id='word_1_310' title='bbox 1836 2423 1976 2466; x_wconf 85' lang='lat' dir='ltr'>finalis</span> <span class='ocrx_word' id='word_1_311' title='bbox 2008 2443 2035 2467; x_wconf 81' lang='lat' dir='ltr'>a</span> 
     </span>
     <span class='ocr_line' id='line_1_34' title="bbox 65 2488 2033 2546; baseline 0.002 -15"><span class='ocrx_word' id='word_1_312' title='bbox 65 2488 311 2532; x_wconf 82' lang='lat' dir='ltr'>continuata</span> <span class='ocrx_word' id='word_1_313' title='bbox 346 2505 422 2546; x_wconf 87' lang='lat' dir='ltr'>per</span> <span class='ocrx_word' id='word_1_314' title='bbox 457 2496 589 2532; x_wconf 88' lang='lat' dir='ltr'>totum</span> <span class='ocrx_word' id='word_1_315' title='bbox 621 2503 805 2542; x_wconf 88' lang='lat' dir='ltr'>carmen,</span> <span class='ocrx_word' id='word_1_316' title='bbox 836 2505 923 2533; x_wconf 89' lang='lat' dir='ltr'>non</span> <span class='ocrx_word' id='word_1_317' title='bbox 953 2489 1092 2533; x_wconf 86' lang='lat' dir='ltr'>solum</span> <span class='ocrx_word' id='word_1_318' title='bbox 1123 2489 1267 2532; x_wconf 88' lang='lat' dir='ltr'>omnia</span> <span class='ocrx_word' id='word_1_319' title='bbox 1296 2491 1481 2534; x_wconf 87' lang='lat' dir='ltr'>membra</span> <span class='ocrx_word' id='word_1_320' title='bbox 1508 2490 1764 2543; x_wconf 77' lang='lat' dir='ltr'>terminans,</span> <span class='ocrx_word' id='word_1_321' title='bbox 1799 2491 1876 2533; x_wconf 84' lang='lat' dir='ltr'>sed</span> <span class='ocrx_word' id='word_1_322' title='bbox 1905 2492 2033 2534; x_wconf 80' lang='lat' dir='ltr'>etiam</span> 
     </span>
     <span class='ocr_line' id='line_1_35' title="bbox 69 2555 472 2613; baseline 0 -15"><span class='ocrx_word' id='word_1_323' title='bbox 69 2555 257 2599; x_wconf 85' lang='lat' dir='ltr'>lateralis</span> <span class='ocrx_word' id='word_1_324' title='bbox 289 2557 472 2613; x_wconf 87' lang='lat' dir='ltr'>saepius.</span> 
     </span>
    </p>

    <p class='ocr_par' dir='ltr' id='par_1_15' title="bbox 63 2623 2031 3017">
     <span class='ocr_line' id='line_1_36' title="bbox 179 2623 2030 2680; baseline 0.001 -13"><span class='ocrx_word' id='word_1_325' title='bbox 179 2624 438 2667; x_wconf 89' lang='lat' dir='ltr'>Octonarum</span> <span class='ocrx_word' id='word_1_326' title='bbox 490 2623 748 2680; x_wconf 84' lang='lat' dir='ltr'>syllabarum</span> <span class='ocrx_word' id='word_1_327' title='bbox 776 2624 1063 2666; x_wconf 74' lang='lat' dir='ltr'>vhemistichia</span> <span class='ocrx_word' id='word_1_328' title='bbox 1106 2624 1378 2667; x_wconf 86' lang='lat' dir='ltr'>continentur</span> <span class='ocrx_word' id='word_1_329' title='bbox 1419 2624 1600 2680; x_wconf 90' lang='lat' dir='ltr'>hymno,</span> <span class='ocrx_word' id='word_1_330' title='bbox 1653 2625 1721 2667; x_wconf 86' lang='lat' dir='ltr'>cui</span> <span class='ocrx_word' id='word_1_331' title='bbox 1766 2625 2030 2668; x_wconf 84' lang='lat' dir='ltr'>inscribitur:</span> 
     </span>
     <span class='ocr_line' id='line_1_37' title="bbox 64 2691 2031 2748; baseline 0 -14"><span class='ocrx_word' id='word_1_332' title='bbox 64 2691 273 2734; x_wconf 85' lang='lat' dir='ltr'>Memoria</span> <span class='ocrx_word' id='word_1_333' title='bbox 313 2692 512 2734; x_wconf 78' lang='lat' dir='ltr'>abbatum</span> <span class='ocrx_word' id='word_1_334' title='bbox 543 2698 785 2733; x_wconf 82' lang='lat' dir='ltr'>nostrorum</span> <span class='ocrx_word' id='word_1_335' title='bbox 817 2691 879 2747; x_wconf 88' lang='lat' dir='ltr'>(p.</span> <span class='ocrx_word' id='word_1_336' title='bbox 915 2693 1014 2744; x_wconf 77' lang='lat'>1593</span> <span class='ocrx_word' id='word_1_337' title='bbox 1053 2706 1076 2733; x_wconf 92' lang='lat' dir='ltr'>e</span> <span class='ocrx_word' id='word_1_338' title='bbox 1108 2691 1254 2733; x_wconf 78' lang='lat' dir='ltr'>codice</span> <span class='ocrx_word' id='word_1_339' title='bbox 1291 2691 1461 2734; x_wconf 82' lang='lat' dir='ltr'>fidelius</span> <span class='ocrx_word' id='word_1_340' title='bbox 1490 2691 1631 2734; x_wconf 82' lang='lat' dir='ltr'>reddit</span> <span class='ocrx_word' id='word_1_341' title='bbox 1659 2694 1755 2733; x_wconf 87' lang='lat' dir='ltr'>Am.</span> <span class='ocrx_word' id='word_1_342' title='bbox 1787 2691 1954 2748; x_wconf 84' lang='lat' dir='ltr'>Peyron</span> <span class='ocrx_word' id='word_1_343' title='bbox 1987 2693 2031 2734; x_wconf 90' lang='lat' dir='ltr'>in</span> 
     </span>
     <span class='ocr_line' id='line_1_38' title="bbox 66 2757 2030 2815; baseline -0.001 -12"><span class='ocrx_word' id='word_1_344' title='bbox 66 2757 157 2803; x_wconf 85' lang='lat' dir='ltr'>Cic.</span> <span class='ocrx_word' id='word_1_345' title='bbox 189 2767 292 2801; x_wconf 83' lang='lat' dir='ltr'>orat.</span> <span class='ocrx_word' id='word_1_346' title='bbox 322 2759 469 2815; x_wconf 81' lang='lat' dir='ltr'>fragm.</span> <span class='ocrx_word' id='word_1_347' title='bbox 500 2758 612 2800; x_wconf 84' lang='lat' dir='ltr'>ined.</span> <span class='ocrx_word' id='word_1_348' title='bbox 645 2772 685 2813; x_wconf 90' lang='lat' dir='ltr'>p.</span> <span class='ocrx_word' id='word_1_349' title='bbox 709 2757 824 2813; x_wconf 80' lang='lat'>225),</span> <span class='ocrx_word' id='word_1_350' title='bbox 854 2758 895 2799; x_wconf 87' lang='lat' dir='ltr'>in</span> <span class='ocrx_word' id='word_1_351' title='bbox 921 2773 1005 2814; x_wconf 87' lang='lat' dir='ltr'>quo</span> <span class='ocrx_word' id='word_1_352' title='bbox 1027 2764 1126 2801; x_wconf 88' lang='lat' dir='ltr'>sunt</span> <span class='ocrx_word' id='word_1_353' title='bbox 1156 2758 1356 2814; x_wconf 81' lang='lat' dir='ltr'>strophae</span> <span class='ocrx_word' id='word_1_354' title='bbox 1387 2773 1464 2801; x_wconf 82' lang='lat' dir='ltr'>sex</span> <span class='ocrx_word' id='word_1_355' title='bbox 1494 2759 1788 2814; x_wconf 79' lang='lat' dir='ltr'>quaternorum</span> <span class='ocrx_word' id='word_1_356' title='bbox 1820 2774 2030 2802; x_wconf 84' lang='lat' dir='ltr'>versuum.</span> 
     </span>
     <span class='ocr_line' id='line_1_39' title="bbox 67 2824 2031 2883; baseline 0 -14"><span class='ocrx_word' id='word_1_357' title='bbox 67 2825 363 2869; x_wconf 77' lang='lat' dir='ltr'>consonantia</span> <span class='ocrx_word' id='word_1_358' title='bbox 390 2825 531 2868; x_wconf 86' lang='lat' dir='ltr'>finalis</span> <span class='ocrx_word' id='word_1_359' title='bbox 560 2824 661 2867; x_wconf 85' lang='lat' dir='ltr'>item</span> <span class='ocrx_word' id='word_1_360' title='bbox 692 2825 981 2878; x_wconf 80' lang='lat' dir='ltr'>continuatur,</span> <span class='ocrx_word' id='word_1_361' title='bbox 1015 2825 1197 2867; x_wconf 82' lang='lat' dir='ltr'>alternat</span> <span class='ocrx_word' id='word_1_362' title='bbox 1224 2833 1364 2868; x_wconf 85' lang='lat' dir='ltr'>tamen</span> <span class='ocrx_word' id='word_1_363' title='bbox 1395 2825 1505 2868; x_wconf 86' lang='lat' dir='ltr'>inter</span> <span class='ocrx_word' id='word_1_364' title='bbox 1536 2826 1724 2882; x_wconf 82' lang='lat' dir='ltr'>syllabas</span> <span class='ocrx_word' id='word_1_365' title='bbox 1747 2843 1785 2879; x_wconf 84' lang='lat' dir='ltr'>a,</span> <span class='ocrx_word' id='word_1_366' title='bbox 1818 2842 1925 2882; x_wconf 85' lang='lat' dir='ltr'>quae</span> <span class='ocrx_word' id='word_1_367' title='bbox 1946 2827 2031 2883; x_wconf 87' lang='lat' dir='ltr'>pri·</span> 
     </span>
     <span class='ocr_line' id='line_1_40' title="bbox 63 2892 2027 2949; baseline -0.001 -12"><span class='ocrx_word' id='word_1_368' title='bbox 63 2909 177 2936; x_wconf 80' lang='lat' dir='ltr'>mam</span> <span class='ocrx_word' id='word_1_369' title='bbox 206 2894 424 2949; x_wconf 83' lang='lat' dir='ltr'>stropham</span> <span class='ocrx_word' id='word_1_370' title='bbox 455 2900 637 2947; x_wconf 81' lang='lat' dir='ltr'>occupat</span> <span class='ocrx_word' id='word_1_371' title='bbox 667 2899 708 2933; x_wconf 88' lang='lat' dir='ltr'>et</span> <span class='ocrx_word' id='word_1_372' title='bbox 737 2898 1007 2947; x_wconf 83' lang='lat' dir='ltr'>postremam,</span> <span class='ocrx_word' id='word_1_373' title='bbox 1040 2898 1164 2948; x_wconf 89' lang='lat' dir='ltr'>atque</span> <span class='ocrx_word' id='word_1_374' title='bbox 1196 2892 1307 2934; x_wconf 82' lang='lat' dir='ltr'>inter</span> <span class='ocrx_word' id='word_1_375' title='bbox 1336 2907 1384 2934; x_wconf 64' lang='grc' dir='ltr'>πε</span> <span class='ocrx_word' id='word_1_376' title='bbox 1415 2901 1457 2934; x_wconf 88' lang='lat' dir='ltr'>et</span> <span class='ocrx_word' id='word_1_377' title='bbox 1476 2907 1558 2945; x_wconf 84' lang='lat' dir='ltr'>um,</span> <span class='ocrx_word' id='word_1_378' title='bbox 1591 2908 1699 2949; x_wconf 88' lang='lat' dir='ltr'>quae</span> <span class='ocrx_word' id='word_1_379' title='bbox 1728 2895 1955 2936; x_wconf 83' lang='lat' dir='ltr'>terminant</span> <span class='ocrx_word' id='word_1_380' title='bbox 1984 2894 2027 2936; x_wconf 90' lang='lat' dir='ltr'>in</span> 
     </span>
     <span class='ocr_line' id='line_1_41' title="bbox 65 2959 2029 3017; baseline 0 -15"><span class='ocrx_word' id='word_1_381' title='bbox 65 2960 230 3003; x_wconf 82' lang='lat' dir='ltr'>mediis.</span> <span class='ocrx_word' id='word_1_382' title='bbox 288 2959 383 3003; x_wconf 88' lang='lat' dir='ltr'>Has</span> <span class='ocrx_word' id='word_1_383' title='bbox 421 2959 630 3016; x_wconf 81' lang='lat' dir='ltr'>proferam</span> <span class='ocrx_word' id='word_1_384' title='bbox 670 2959 723 3001; x_wconf 87' lang='lat' dir='ltr'>ob</span> <span class='ocrx_word' id='word_1_385' title='bbox 760 2959 936 3001; x_wconf 90' lang='lat' dir='ltr'>nomina</span> <span class='ocrx_word' id='word_1_386' title='bbox 974 2959 1174 3001; x_wconf 85' lang='lat' dir='ltr'>abbatum</span> <span class='ocrx_word' id='word_1_387' title='bbox 1212 2959 1259 3000; x_wconf 90' lang='lat' dir='ltr'>in</span> <span class='ocrx_word' id='word_1_388' title='bbox 1296 2959 1360 3001; x_wconf 90' lang='lat' dir='ltr'>eis</span> <span class='ocrx_word' id='word_1_389' title='bbox 1399 2967 1595 3003; x_wconf 79' lang='lat' dir='ltr'>enarrata</span> <span class='ocrx_word' id='word_1_390' title='bbox 1624 2975 1646 3003; x_wconf 90' lang='lat' dir='ltr'>e</span> <span class='ocrx_word' id='word_1_391' title='bbox 1679 2960 1891 3017; x_wconf 81' lang='lat' dir='ltr'>Gomgillo</span> <span class='ocrx_word' id='word_1_392' title='bbox 1922 2962 2029 3015; x_wconf 86' lang='lat' dir='ltr'>(ma-</span> 
     </span>
    </p>
   </div>
   <div class='ocr_carea' id='block_1_6' title="bbox 63 3049 335 3059">
    <p class='ocr_par' dir='ltr' id='par_1_16' title="bbox 63 3049 335 3059">
     <span class='ocr_line' id='line_1_42' title="bbox 63 3049 335 3059; baseline 0 0"><span class='ocrx_word' id='word_1_393' title='bbox 63 3049 335 3059; x_wconf 95' lang='lat' dir='ltr'> </span> 
     </span>
    </p>
   </div>
   <div class='ocr_carea' id='block_1_7' title="bbox 63 3104 2028 3423">
    <p class='ocr_par' dir='ltr' id='par_1_17' title="bbox 155 3104 1162 3151">
     <span class='ocr_line' id='line_1_43' title="bbox 155 3104 1162 3151; baseline -0.003 -10"><span class='ocrx_word' id='word_1_394' title='bbox 155 3107 170 3123; x_wconf 80' lang='lat'><strong>‘</strong></span> <span class='ocrx_word' id='word_1_395' title='bbox 195 3105 284 3151; x_wconf 78' lang='lat' dir='ltr'>Lege</span> <span class='ocrx_word' id='word_1_396' title='bbox 308 3109 449 3146; x_wconf 76' lang='lat' dir='ltr'>munter,</span> <span class='ocrx_word' id='word_1_397' title='bbox 474 3105 558 3139; x_wconf 80' lang='lat' dir='ltr'>alias</span> <span class='ocrx_word' id='word_1_398' title='bbox 582 3104 738 3145; x_wconf 74' lang='lat' dir='ltr'>muinter,</span> <span class='ocrx_word' id='word_1_399' title='bbox 764 3108 902 3138; x_wconf 76' lang='lat' dir='ltr'>mvncar</span> <span class='ocrx_word' id='word_1_400' title='bbox 926 3107 991 3137; x_wconf 87' lang='lat' dir='ltr'>etc.</span> <span class='ocrx_word' id='word_1_401' title='bbox 1017 3105 1064 3147; x_wconf 84' lang='lat' dir='ltr'>(p.</span> <span class='ocrx_word' id='word_1_402' title='bbox 1096 3107 1162 3144; x_wconf 80' lang='lat'>14).</span> 
     </span>
    </p>

    <p class='ocr_par' dir='ltr' id='par_1_18' title="bbox 63 3148 2028 3423">
     <span class='ocr_line' id='line_1_44' title="bbox 138 3148 2028 3195; baseline -0.001 -8"><span class='ocrx_word' id='word_1_403' title='bbox 138 3152 173 3169; x_wconf 80' lang='lat'>*⁸</span> <span class='ocrx_word' id='word_1_404' title='bbox 201 3152 253 3187; x_wconf 85' lang='lat' dir='ltr'>En</span> <span class='ocrx_word' id='word_1_405' title='bbox 284 3151 351 3186; x_wconf 83' lang='lat' dir='ltr'>iam</span> <span class='ocrx_word' id='word_1_406' title='bbox 382 3151 519 3185; x_wconf 79' lang='lat' dir='ltr'>saeculo</span> <span class='ocrx_word' id='word_1_407' title='bbox 548 3154 668 3184; x_wconf 72' lang='lat' dir='ltr'>octavo</span> <span class='ocrx_word' id='word_1_408' title='bbox 700 3150 754 3183; x_wconf 86' lang='lat' dir='ltr'>vel</span> <span class='ocrx_word' id='word_1_409' title='bbox 786 3150 882 3194; x_wconf 85' lang='lat' dir='ltr'>prius</span> <span class='ocrx_word' id='word_1_410' title='bbox 913 3148 1048 3183; x_wconf 82' lang='lat' dir='ltr'>fabulae</span> <span class='ocrx_word' id='word_1_411' title='bbox 1085 3149 1163 3183; x_wconf 78' lang='lat' dir='ltr'>illae</span> <span class='ocrx_word' id='word_1_412' title='bbox 1202 3149 1398 3184; x_wconf 81' lang='lat' dir='ltr'>hibernicae</span> <span class='ocrx_word' id='word_1_413' title='bbox 1435 3151 1476 3184; x_wconf 86' lang='lat' dir='ltr'>de</span> <span class='ocrx_word' id='word_1_414' title='bbox 1516 3150 1745 3185; x_wconf 83' lang='lat' dir='ltr'>Hibernorum</span> <span class='ocrx_word' id='word_1_415' title='bbox 1776 3161 1818 3185; x_wconf 77' lang='lat' dir='ltr'>ex</span> <span class='ocrx_word' id='word_1_416' title='bbox 1851 3151 1935 3185; x_wconf 80' lang='lat' dir='ltr'>Asia</span> <span class='ocrx_word' id='word_1_417' title='bbox 1968 3160 2028 3195; x_wconf 87' lang='lat' dir='ltr'>per</span> 
     </span>
     <span class='ocr_line' id='line_1_45' title="bbox 66 3193 2027 3242; baseline -0.002 -10"><span class='ocrx_word' id='word_1_418' title='bbox 66 3198 260 3242; x_wconf 80' lang='lat' dir='ltr'>Aegyptum</span> <span class='ocrx_word' id='word_1_419' title='bbox 286 3197 457 3231; x_wconf 84' lang='lat' dir='ltr'>transitu?</span> <span class='ocrx_word' id='word_1_420' title='bbox 508 3195 648 3230; x_wconf 80' lang='lat' dir='ltr'>Gaidelo</span> <span class='ocrx_word' id='word_1_421' title='bbox 679 3194 823 3229; x_wconf 82' lang='lat' dir='ltr'>Phaenii</span> <span class='ocrx_word' id='word_1_422' title='bbox 856 3195 973 3239; x_wconf 86' lang='lat' dir='ltr'>nepoti</span> <span class='ocrx_word' id='word_1_423' title='bbox 997 3193 1133 3229; x_wconf 73' lang='lat' dir='ltr'>Sectam</span> <span class='ocrx_word' id='word_1_424' title='bbox 1166 3195 1355 3229; x_wconf 79' lang='lat' dir='ltr'>Pharaonis</span> <span class='ocrx_word' id='word_1_425' title='bbox 1385 3195 1489 3230; x_wconf 84' lang='lat' dir='ltr'>filiam</span> <span class='ocrx_word' id='word_1_426' title='bbox 1515 3196 1654 3241; x_wconf 84' lang='lat' dir='ltr'>(quibus</span> <span class='ocrx_word' id='word_1_427' title='bbox 1686 3196 1797 3230; x_wconf 85' lang='lat' dir='ltr'>tribus</span> <span class='ocrx_word' id='word_1_428' title='bbox 1830 3196 2027 3230; x_wconf 84' lang='lat' dir='ltr'>nominibus</span> 
     </span>
     <span class='ocr_line' id='line_1_46' title="bbox 68 3237 2024 3286; baseline -0.001 -10"><span class='ocrx_word' id='word_1_429' title='bbox 68 3244 218 3276; x_wconf 79' lang='lat' dir='ltr'>subsunt</span> <span class='ocrx_word' id='word_1_430' title='bbox 241 3245 378 3276; x_wconf 69' lang='lat' dir='ltr'>vetusta</span> <span class='ocrx_word' id='word_1_431' title='bbox 402 3241 516 3286; x_wconf 85' lang='lat' dir='ltr'>gentis</span> <span class='ocrx_word' id='word_1_432' title='bbox 542 3241 681 3274; x_wconf 83' lang='lat' dir='ltr'>nomina</span> <span class='ocrx_word' id='word_1_433' title='bbox 705 3240 771 3273; x_wconf 77' lang='lat' dir='ltr'>tria</span> <span class='ocrx_word' id='word_1_434' title='bbox 796 3237 831 3272; x_wconf 86' lang='lat' dir='ltr'><em>F</em></span> <span class='ocrx_word' id='word_1_435' title='bbox 830 3241 886 3273; x_wconf 76' lang='lat' dir='ltr'>eni</span> <span class='ocrx_word' id='word_1_436' title='bbox 908 3240 959 3273; x_wconf 82' lang='lat' dir='ltr'>vel</span> <span class='ocrx_word' id='word_1_437' title='bbox 994 3238 1086 3280; x_wconf 71' lang='lat' dir='ltr'>Veni,</span> <span class='ocrx_word' id='word_1_438' title='bbox 1115 3238 1258 3277; x_wconf 71' lang='lat' dir='ltr'>Goideli,</span> <span class='ocrx_word' id='word_1_439' title='bbox 1283 3239 1392 3282; x_wconf 74' lang='lat' dir='ltr'>Scoti)</span> <span class='ocrx_word' id='word_1_440' title='bbox 1416 3242 1584 3286; x_wconf 86' lang='lat' dir='ltr'>nupsisse,</span> <span class='ocrx_word' id='word_1_441' title='bbox 1609 3242 1710 3275; x_wconf 83' lang='lat' dir='ltr'>refert</span> <span class='ocrx_word' id='word_1_442' title='bbox 1733 3252 1775 3275; x_wconf 85' lang='lat' dir='ltr'>ex</span> <span class='ocrx_word' id='word_1_443' title='bbox 1799 3241 2024 3275; x_wconf 82' lang='lat' dir='ltr'>Hibernomm</span> 
     </span>
     <span class='ocr_line' id='line_1_47' title="bbox 64 3284 2025 3331; baseline -0.001 -9"><span class='ocrx_word' id='word_1_444' title='bbox 64 3297 120 3322; x_wconf 85' lang='lat' dir='ltr'>ore</span> <span class='ocrx_word' id='word_1_445' title='bbox 152 3287 312 3322; x_wconf 84' lang='lat' dir='ltr'>Giraldus</span> <span class='ocrx_word' id='word_1_446' title='bbox 343 3287 561 3321; x_wconf 75' lang='lat' dir='ltr'>Cambrensis</span> <span class='ocrx_word' id='word_1_447' title='bbox 596 3287 632 3319; x_wconf 84' lang='lat' dir='ltr'>in</span> <span class='ocrx_word' id='word_1_448' title='bbox 657 3285 801 3331; x_wconf 76' lang='lat' dir='ltr'>Topogr.</span> <span class='ocrx_word' id='word_1_449' title='bbox 827 3285 968 3319; x_wconf 84' lang='lat' dir='ltr'>Hibem.</span> <span class='ocrx_word' id='word_1_450' title='bbox 994 3290 1064 3329; x_wconf 75' lang='lat' dir='ltr'>(ap.</span> <span class='ocrx_word' id='word_1_451' title='bbox 1092 3284 1208 3319; x_wconf 79' lang='lat' dir='ltr'>Camd.</span> <span class='ocrx_word' id='word_1_452' title='bbox 1242 3296 1277 3329; x_wconf 88' lang='lat' dir='ltr'>p.</span> <span class='ocrx_word' id='word_1_453' title='bbox 1304 3289 1393 3327; x_wconf 85' lang='lat'><strong>737).</strong></span> <span class='ocrx_word' id='word_1_454' title='bbox 1442 3288 1535 3328; x_wconf 86' lang='lat' dir='ltr'>Quae</span> <span class='ocrx_word' id='word_1_455' title='bbox 1571 3288 1728 3331; x_wconf 85' lang='lat' dir='ltr'>quamvis</span> <span class='ocrx_word' id='word_1_456' title='bbox 1757 3287 1911 3320; x_wconf 76' lang='lat' dir='ltr'>fabulosa</span> <span class='ocrx_word' id='word_1_457' title='bbox 1943 3288 2025 3326; x_wconf 81' lang='lat' dir='ltr'>sint,</span> 
     </span>
     <span class='ocr_line' id='line_1_48' title="bbox 63 3331 2026 3375; baseline -0.001 -7"><span class='ocrx_word' id='word_1_458' title='bbox 63 3334 305 3368; x_wconf 83' lang='lat' dir='ltr'>commercium</span> <span class='ocrx_word' id='word_1_459' title='bbox 337 3336 451 3366; x_wconf 76' lang='lat' dir='ltr'>tamen</span> <span class='ocrx_word' id='word_1_460' title='bbox 483 3333 572 3365; x_wconf 84' lang='lat' dir='ltr'>inter</span> <span class='ocrx_word' id='word_1_461' title='bbox 606 3332 803 3375; x_wconf 68' lang='lat' dir='ltr'>Aegyptum</span> <span class='ocrx_word' id='word_1_462' title='bbox 833 3334 869 3364; x_wconf 86' lang='lat' dir='ltr'>et</span> <span class='ocrx_word' id='word_1_463' title='bbox 903 3331 1097 3364; x_wconf 80' lang='lat' dir='ltr'>Hiberniam</span> <span class='ocrx_word' id='word_1_464' title='bbox 1131 3334 1305 3364; x_wconf 75' lang='lat' dir='ltr'>vetustum</span> <span class='ocrx_word' id='word_1_465' title='bbox 1341 3332 1443 3366; x_wconf 80' lang='lat' dir='ltr'>fuisse</span> <span class='ocrx_word' id='word_1_466' title='bbox 1473 3332 1541 3366; x_wconf 82' lang='lat' dir='ltr'>iam</span> <span class='ocrx_word' id='word_1_467' title='bbox 1572 3333 1615 3365; x_wconf 89' lang='lat' dir='ltr'>ob</span> <span class='ocrx_word' id='word_1_468' title='bbox 1640 3333 1723 3366; x_wconf 82' lang='lat' dir='ltr'>artis</span> <span class='ocrx_word' id='word_1_469' title='bbox 1759 3331 1959 3366; x_wconf 76' lang='lat' dir='ltr'>affinitatem</span> <span class='ocrx_word' id='word_1_470' title='bbox 1991 3337 2026 3366; x_wconf 85' lang='lat' dir='ltr'>et</span> 
     </span>
     <span class='ocr_line' id='line_1_49' title="bbox 66 3376 2027 3423; baseline -0.001 -11"><span class='ocrx_word' id='word_1_471' title='bbox 66 3379 247 3412; x_wconf 83' lang='lat' dir='ltr'>monachos</span> <span class='ocrx_word' id='word_1_472' title='bbox 281 3379 466 3423; x_wconf 79' lang='lat' dir='ltr'>Aegyptios</span> <span class='ocrx_word' id='word_1_473' title='bbox 497 3379 534 3410; x_wconf 84' lang='lat' dir='ltr'>in</span> <span class='ocrx_word' id='word_1_474' title='bbox 566 3377 730 3410; x_wconf 80' lang='lat' dir='ltr'>Hibernia</span> <span class='ocrx_word' id='word_1_475' title='bbox 767 3377 928 3420; x_wconf 79' lang='lat' dir='ltr'>degentes</span> <span class='ocrx_word' id='word_1_476' title='bbox 958 3377 1171 3411; x_wconf 80' lang='lat' dir='ltr'>demonstrat</span> <span class='ocrx_word' id='word_1_477' title='bbox 1200 3376 1357 3411; x_wconf 83' lang='lat' dir='ltr'>Kellerus</span> <span class='ocrx_word' id='word_1_478' title='bbox 1395 3379 1431 3411; x_wconf 88' lang='lat' dir='ltr'>in</span> <span class='ocrx_word' id='word_1_479' title='bbox 1462 3378 1748 3411; x_wconf 78' lang='lat' dir='ltr'>commentatione</span> <span class='ocrx_word' id='word_1_480' title='bbox 1778 3377 1821 3411; x_wconf 86' lang='lat' dir='ltr'>de</span> <span class='ocrx_word' id='word_1_481' title='bbox 1850 3378 2027 3411; x_wconf 81' lang='lat' dir='ltr'>codicibus</span> 
     </span>
    </p>
   </div>
   <div class='ocr_carea' id='block_1_8' title="bbox 66 3423 903 3465">
    <p class='ocr_par' dir='ltr' id='par_1_19' title="bbox 66 3423 903 3465">
     <span class='ocr_line' id='line_1_50' title="bbox 66 3423 903 3465; baseline 0 -8"><span class='ocrx_word' id='word_1_482' title='bbox 66 3424 250 3458; x_wconf 84' lang='lat' dir='ltr'>hibernicis</span> <span class='ocrx_word' id='word_1_483' title='bbox 274 3425 311 3458; x_wconf 89' lang='lat' dir='ltr'>in</span> <span class='ocrx_word' id='word_1_484' title='bbox 340 3423 493 3458; x_wconf 80' lang='lat' dir='ltr'>Helvetia</span> <span class='ocrx_word' id='word_1_485' title='bbox 518 3423 661 3456; x_wconf 77' lang='lat' dir='ltr'>servatis</span> <span class='ocrx_word' id='word_1_486' title='bbox 687 3423 734 3465; x_wconf 83' lang='lat' dir='ltr'>(p.</span> <span class='ocrx_word' id='word_1_487' title='bbox 761 3425 802 3456; x_wconf 83' lang='lat'>79</span> <span class='ocrx_word' id='word_1_488' title='bbox 828 3424 903 3465; x_wconf 88' lang='lat' dir='ltr'>sq.).</span> 
     </span>
    </p>
   </div>
  </div>
 </body>
</html>
