2336 3736
701 256 782 301 III.
814 258 854 300 2.
899 268 1083 300 vannum
1111 267 1440 299 smum-noma.
1723 258 1817 299 (496-
1834 259 1916 300 497)
1960 257 2040 300 505

648 440 710 489 ΙΙ.
768 439 1022 490 Verbum
1063 438 1258 487 britan
1275 438 1405 487 nicu
1422 456 1483 486 m.

201 586 343 630 Etiam
379 585 550 629 dialecti
587 586 852 631 britannicae
887 585 1002 629 baud
1038 585 1165 628 dubie
1200 592 1423 628 servarunt
1461 592 1647 642 systema
1683 586 1881 643 generale
1921 584 2041 627 verbi

90 653 231 700 celtici
261 654 353 711 (pp.
381 653 477 696 410.
509 654 633 709 411),
672 669 722 698 ac
750 652 920 712 plenius
957 658 1133 696 utuntur
1162 652 1431 709 quibusdam,
1468 658 1516 695 ut
1542 654 1804 710 temporibus
1836 652 2042 696 secunda·

91 723 167 767 riis
198 729 281 766 tam
302 719 432 765 activi
462 734 589 777 quam
609 721 787 779 passivi,
819 736 1072 779 quamquam
1100 721 1145 763 in
1166 719 1261 764 aliis
1281 720 1486 763 minorem
1514 720 1740 763 formarum
1760 720 1923 780 copiam
1956 734 2043 763 ser·

90 797 261 844 vax-unt,
299 803 426 847 quam
454 788 600 845 lingua
636 787 870 833 hibernica.
934 788 1019 831 Vix
1049 788 1159 832 enim
1189 788 1392 845 reliquias
1430 788 1633 845 temporis
1662 788 1790 832 futuri
1829 788 2041 842 exhibent,

93 859 214 903 cuius
234 858 371 901 locum
404 857 595 900 obtinere
623 857 734 902 solet
762 871 981 915 praesens,
1010 870 1091 900 nec
1121 856 1173 899 de
1195 856 1399 900 serierum
1428 857 1741 913 coniugationis
1772 856 2045 900 distinetione

90 925 310 971 hibernica
345 932 569 969 servarunt
596 926 680 969 nisi
708 925 912 983 reliquias
942 925 1147 982 quasdam
1185 931 1231 967 ut
1260 924 1304 967 in
1336 924 1464 968 variis
1494 925 1859 968 terminationibus
1896 923 2045 968 tertiae

89 1009 300 1052 personae
340 992 579 1050 singularis.
652 994 805 1038 Flexio
849 993 1147 1052 impersonalis
1194 991 1287 1035 sola
1332 991 1449 1049 viget
1496 992 1540 1035 in
1584 993 1757 1050 passivo
1810 992 2046 1036 cambricae

92 1076 261 1121 quoque
290 1060 483 1116 dialecti,
522 1062 642 1105 cuius
679 1062 791 1106 inter
818 1061 1078 1106 britannicas
1116 1060 1173 1104 sit
1203 1060 1335 1102 maior
1362 1060 1588 1104 formarum
1617 1061 1760 1119 copia3
1800 1061 1844 1103 in
1876 1061 2047 1105 comica

91 1138 135 1174 et
163 1129 396 1174 aremorica
432 1130 579 1174 eadem
609 1131 794 1175 activum
823 1130 993 1174 invasit.
1061 1128 1203 1172 Huius
1242 1143 1342 1185 ergo
1381 1129 1550 1186 generis
1586 1129 1833 1186 paradigma
1868 1128 2045 1186 primum

90 1213 300 1257 propono,
347 1198 553 1242 exhibens
588 1197 743 1243 formas
779 1197 1013 1242 cambi-icas
1052 1193 1302 1254 'praesertim
1339 1195 1613 1250 vetustiores,
1662 1197 1814 1240 deinde
1852 1196 2048 1252 exempla

90 1267 325 1311 vetustiora
352 1267 460 1324 ipsa.

950 1461 1196 1511 Activum.

929 1585 1165 1630 Praesen
1180 1600 1214 1629 s.

514 1676 609 1721 Ind.
827 1676 951 1722 Coni.
982 1683 1026 1722 et
1054 1683 1139 1735 opt.
1340 1674 1493 1735 Imper.
1694 1676 1876 1722 Secund.

261 1757 380 1815 Sing.
417 1761 452 1802 1.
482 1772 600 1811 caru,
628 1771 772 1801 caram
884 1758 1046 1800 caruim
1427 1782 1467 1787 --—
1701 1771 1831 1799 carun

415 1827 454 1870 2.
484 1827 573 1869 ceri
883 1826 1040 1870 carui-t
1375 1840 1448 1867 car
1702 1833 1822 1870 carue

417 1894 456 1937 3.
488 1908 561 1937 car
590 1894 714 1949 (ceit‘)
883 1908 982 1938 caro
1375 1901 1487 1936 caret
1701 1894 1814 1936 carei

274 2007 389 2051 Plur.
425 2010 461 2050 l.
491 2022 623 2050 carun
884 2021 1022 2051 carom
1376 2021 1506 2051 carun
1705 2021 1842 2048 oarem

419 2077 459 2119 2.
489 2077 633 2119 cernel»,
885 2075 1033 2119 caroolz
1376 2075 1517 2117 much
1704 2076 1877 2118 cao-euch.

420 2146 459 2189 3.
488 2152 648 2188 caram.
883 2144 1056 2195 οανοίπι,
1087 2148 1242 2184 car-ont.
1376 2151 1527 2185 carent.
1703 2142 1843 2186 cer-int.

890 2279 1261 2324 Praeteritum.

822 2370 998 2415 Primar.
1329 2368 1513 2414 Secund.

610 2450 732 2509 Sing.
768 2452 802 2495 l.
834 2452 957 2494 cereis
1313 2463 1493 2492 carasun

766 2519 805 2562 2.
835 2520 978 2562 cereis&
1313 2525 1480 2559 carme

768 2586 807 2630 3.
838 2601 959 2630 οαναε
1312 2586 1472 2628 caraeei

627 2699 740 2744 Plur.
776 2703 811 2744 1.
842 2714 1034 2744 caraeam
1312 2711 1495 2740 camaena

766 2770 805 2812 2.
839 2768 1066 2811 caramancio
1312 2766 1531 2809 caraseuoh

767 2835 807 2880 3.
842 2843 1050 2877 cao-aeaut.
1311 2833 1506 2876 carasint.

568 3016 836 3060 Praesens
867 3016 943 3072 (et
970 3015 1231 3071 futurum)
1260 3014 1580 3072 primarium.

213 3109 340 3152 Patet
370 3124 392 3152 e
411 3108 705 3152 terminatione
736 3108 896 3164 primae
926 3121 1133 3163 personae
1164 3105 1288 3149 huius
1318 3104 1519 3163 temporis
1551 3105 1594 3146 in
1625 3104 1804 3146 vetustis
1835 3103 2053 3147 codicibus

102 3193 215 3232 -αυι,
258 3178 404 3221 eadem
437 3191 487 3220 ac
516 3181 684 3219 vetusta
714 3176 933 3219 hibernica
961 3176 1061 3228 -i‘m‚
1101 3175 1177 3218 sed
1210 3174 1333 3217 etiam
1366 3188 1415 3216 ac
1445 3172 1680 3215 recentiore
1711 3173 1797 3227 -af‚
1842 3186 1949 3227 quae
1992 3178 2057 3214 est

103 3244 343 3290 terminatio
376 3245 506 3288 futuri
535 3245 580 3288 in
609 3245 844 3288 recentiore
872 3243 1022 3301 lingua
1050 3242 1278 3296 cambriea,
1315 3241 1564 3285 mixtionem
1595 3255 1691 3284 esse
1720 3240 1873 3282 factam
1903 3239 1946 3282 in
1976 3254 2057 3282 usu

101 3313 338 3372 praesentis
370 3320 412 3357 et
439 3313 579 3366 futuri,
611 3327 785 3369 quorum
816 3319 1053 3369 temporum
1085 3311 1311 3356 discrimen
1342 3310 1560 3354 delebatur
1589 3323 1772 3353 excussa
1799 3313 1900 3351 nota
1928 3307 2055 3350 futuri

104 3382 128 3424 b
157 3382 250 3426 sive
268 3384 311 3438 f,

214 3449 332 3508 Sing.
367 3452 403 3493 1.
434 3464 545 3508 pers.
575 3455 787 3494 vetustam
814 3449 1155 3496 terminationem
1176 3446 1217 3493 U
1248 3461 1444 3491 servasse
1478 3446 1671 3490 videntur
1702 3445 1807 3488 haec
1838 3443 2053 3502 exempla:
