2336 3736
797 203 832 248 I.
866 208 901 248 1.
948 216 1190 250 consone
1220 217 1453 251 cnn'mcffl.
1509 216 1511 219 ’
1934 209 2005 251 (48)
2047 209 2100 250 39

150 326 243 370 fieri
285 327 452 370 dive-rso
470 351 471 355 =
488 343 661 384 prorsus
699 328 822 371 modo
861 334 903 372 et
939 329 1149 371 contrario
1185 329 1232 371 in
1270 335 1447 385 utraque
1484 328 1650 385 lingua,
1685 327 1905 371 hibernica
1939 335 1981 371 et
2015 330 2102 372 bri-

143 394 327 436 tannica.
376 395 482 437 Nam
516 395 560 437 in
591 395 772 437 dialecto
803 395 992 438 codicum
1024 403 1263 439 nostrorum
1292 396 1511 439 hibernica
1540 396 1832 438 consonarum
1851 402 1987 439 status
2015 399 2102 454 pri-

145 460 283 504 stinus
314 468 505 505 servatur
542 468 584 504 et
622 463 674 505 ab
707 462 935 505 infectione
965 463 1202 505 defenditur
1232 462 1468 520 positione,
1500 463 1527 505 i.
1553 479 1586 505 e.
1630 464 1728 506 sive·
1750 464 1919 507 iunctae
1957 480 2101 507 secum

145 535 244 570 sunt
273 530 444 572 eaedem
474 530 812 586 (geminatione),
844 530 935 584 sive
967 530 1160 572 diversae
1190 530 1258 571 vel
1287 529 1476 572 eiusdem
1505 531 1575 572 vel
1596 531 1857 574 diversarum
1889 532 2100 585 classium,

143 602 191 636 ut
218 595 405 652 liquidae
435 604 533 654 post
560 597 764 652 liquidas,
806 597 968 640 mediae
997 597 1067 640 vel
1095 603 1245 639 tenues
1276 604 1376 653 post
1404 597 1611 653 liquidas,
1642 604 1792 641 tenues
1823 606 1923 654 post
1949 606 2101 642 tenues

144 661 273 717 (quae
304 664 473 719 quidem
502 672 651 707 tenues
690 665 736 706 in
764 665 999 721 posteriore
1038 665 1132 707 loco
1171 680 1258 706 non
1289 664 1424 706 solum
1460 666 1582 720 ipsae
1611 671 1827 719 tenentur,
1870 667 1947 708 sed
1977 667 2102 708 etiam

144 731 444 774 antecedentes
474 739 618 775 tenere
648 732 827 787 solent);
866 733 1074 774 obnoxiae
1115 737 1253 774 autem
1295 737 1393 772 sunt
1428 730 1646 775 infectioni
1686 739 1804 779 extra
1832 733 2100 788 positionem,

142 797 170 841 i.
200 813 234 840 e.
266 799 303 840 si
335 806 434 840 sunt
463 799 678 855 simplices
720 806 762 841 et
790 799 1028 854 singulares
1066 799 1227 841 mediae
1269 799 1379 840 inter
1409 798 1514 840 duas
1545 799 1719 841 vocales
1750 799 1819 841 vel
1848 807 1948 856 post
1975 815 2102 843 vocae-

142 865 225 907 lem
259 865 422 907 finales.
482 865 535 907 In
564 866 804 908 britannica
839 866 986 922 lingua
1015 866 1286 908 infectionem
1317 866 1553 907 contra-riae
1592 866 1676 920 legi
1706 881 1856 922 parere
1894 882 1978 910 vox
2007 869 2104 924 ipsa

143 931 365 988 proposita
394 934 548 982 cambr.
570 939 652 974 vet.
677 934 910 987 marcham,
935 949 1042 989 quae
1064 941 1129 975 est
1148 933 1233 975 hib.
1257 938 1337 974 vet.
1361 933 1565 985 marcaclc,
1590 933 1848 989 comprobat.
1893 933 2105 991 Exempla

146 998 229 1042 alia
257 999 438 1055 plurima
467 1000 576 1042 infra
607 1008 846 1056 sequentur.

255 1065 398 1110 Status
429 1067 639 1124 aspiratus
677 1067 747 1110 vel
777 1068 915 1110 mollis
946 1083 1047 1124 prae
1080 1067 1232 1109 ceteris
1271 1066 1444 1109 infectio
1475 1082 1757 1109 consonarum
1801 1067 1885 1110 dici
1922 1070 2100 1125 poterit3

145 1149 252 1190 quae
285 1149 369 1175 una
397 1134 485 1177 fere
514 1135 729 1177 invenitur
758 1136 802 1176 in
832 1135 1012 1176 vetustis
1045 1135 1263 1178 codicibus
1294 1134 1538 1177 hibernicis.
1599 1133 1761 1177 Contra
1789 1137 2103 1191 pronuntiatio-

142 1217 240 1243 nem
271 1202 505 1244 molliorem
533 1201 680 1244 harum
711 1216 991 1244 consonarum
1020 1202 1249 1243 infectione
1279 1209 1562 1259 cori-eptarum
1593 1201 1761 1244 codices
1791 1202 2000 1246 hibernici
2029 1220 2103 1247 ve—

141 1274 252 1311 teres
287 1269 400 1312 haud
428 1283 523 1310 raro
553 1269 896 1325 pronuntiatione
971 1269 1180 1311 duriorem
1211 1275 1346 1311 status
1376 1269 1578 1325 primitivi
1614 1274 1763 1311 notant
1804 1271 2104 1327 scriptione

141 1336 354 1393 duplici
393 1351 673 1379 consonarum
710 1353 795 1379 non
826 1285 1075 1378 infeiiilarum
1106 1336 1171 1391 (in
1201 1337 1291 1378 solo
1323 1335 1395 1392 Sg.
1428 1352 1469 1377 m
1508 1336 1630 1391 signo
1661 1336 1907 1393 plerumque
1935 1345 2105 1382 notatur

140 1403 453 1459 geminationis,
486 1412 630 1462 utpote
651 1405 809 1447 lineola.
829 1404 1102 1460 supraducta3
1135 1404 1179 1445 in
1200 1404 1352 1446 ceteris
1382 1409 1520 1446 autem
1551 1404 1768 1446 codicibus
1799 1404 1905 1446 haec
1934 1420 2103 1462 quoque

140 1471 205 1514 bis
238 1472 468 1528 scribitur),
507 1473 631 1514 etiam
660 1474 705 1514 in
725 1472 949 1529 positione,
983 1481 1028 1513 ut
1047 1471 1211 1527 patebit
1240 1486 1263 1512 e
1292 1471 1483 1527 plurimis
1513 1471 1623 1513 infra
1653 1472 1929 1528 sequentibus
1963 1489 2103 1517 exem-

141 1539 236 1595 plis,
269 1553 524 1596 quamquam
552 1556 639 1583 non
671 1540 714 1581 in
746 1555 1007 1582 communem
1038 1554 1160 1580 usum
1191 1545 1316 1594 atque
1346 1539 1535 1594 regulam
1563 1539 1733 1581 transiit
1763 1556 1814 1581 ea
1844 1541 2030 1597 scriptio.

256 1605 365 1650 Sunt
396 1608 520 1650 etiam
552 1608 659 1650 aliae
702 1608 906 1663 quaedam
938 1622 1220 1648 consonarum
1249 1606 1502 1649 infectiones
1544 1606 1589 1647 sn
1619 1613 1788 1650 vetusta
1824 1608 1988 1664 lingua,
2027 1611 2106 1654 sed

139 1690 406 1731 nequaquam
435 1682 520 1718 tam
551 1676 635 1717 late
666 1681 812 1731 putent
843 1690 964 1730 quam
998 1675 1040 1715 in
1071 1674 1319 1716 recentiore.
1365 1674 1426 1716 Ut
1455 1674 1774 1717 infectionis
1804 1676 2009 1719 nasalis
2038 1677 2103 1719 in—

140 1741 217 1784 itia
244 1743 328 1785 iam
359 1744 679 1800 conspiciuntur
709 1743 753 1784 in
782 1742 964 1787 vetustis
996 1741 1152 1797 glossis
1182 1741 1414 1784 hibernicis
1446 1748 1487 1783 et
1517 1742 1752 1795 cambricis,
1784 1758 1879 1784 cum
1907 1743 2104 1788 scribitur

140 1809 225 1853 hib.
255 1811 387 1863 imme,
419 1813 517 1851 imm
546 1827 623 1867 pro
653 1811 758 1851 z‘mbe
790 1810 963 1865 (vetust.
997 1809 1093 1860 gall.
1126 1809 1272 1864 ambi),
1304 1808 1373 1851 vel
1404 1810 1558 1852 cambr.
1590 1825 1658 1851 am
1689 1805 1915 1866 (ciarum),
1946 1818 2106 1855 mutata

142 1876 165 1918 b
193 1876 238 1918 in
267 1893 320 1919 m.
378 1878 608 1920 Latissime
650 1885 735 1920 tam
772 1878 817 1919 in
850 1877 1104 1925 britannica,
1144 1877 1393 1932 praesertim
1433 1877 1644 1919 cambrica
1681 1878 1915 1920 recentiore
1960 1886 2002 1921 et
2029 1879 2107 1923 lio-

142 1945 306 1997 dierna,
348 1961 473 2000 quam
512 1946 558 1987 in
592 1946 810 1988 hibernica
847 1944 1053 1985 hodierna
1093 1949 1134 1985 et
1163 1943 1328 1999 gaelica
1362 1949 1480 2001 patet
1516 1944 1746 1986 infectio
1780 1945 2107 1990 destituens.

140 2011 267 2055 Hanc
305 2014 473 2056 omnino
512 2014 679 2069 ignorat
718 2013 863 2068 lingua
901 2018 1071 2053 vetusta
1106 2010 1346 2063 hibernica,
1391 2011 1435 2054 in
1473 2026 1555 2067 qua
1593 2012 1821 2054 etiamtunc
1858 2020 1956 2055 sunt
1996 2028 2107 2068 acu8,

141 2095 262 2122 accae
293 2081 420 2137 (part.
455 2087 507 2134 et,
541 2081 673 2122 subst.
706 2078 939 2134 vicinitas),
972 2086 1116 2120 aretem
1147 2077 1314 2133 (fides),
1347 2080 1405 2119 ce't
1435 2078 1669 2135 (centum),
1710 2094 1818 2135 quae
1848 2080 1972 2122 hodie
2004 2081 2107 2123 scri-

143 2149 295 2190 buntur
325 2164 438 2204 aque,
470 2149 639 2201 crede-m,
671 2149 782 2189 cdad.
825 2148 916 2189 Nec
946 2146 1080 2201 magis
1112 2147 1157 2186 in
1178 2146 1360 2188 vetustis
1391 2146 1548 2202 glossis
1570 2148 1792 2190 cambricis
1824 2148 2110 2194 destituuntur

140 2222 309 2269 tenues,
343 2217 418 2258 sed
447 2216 687 2258 scribuntur
717 2216 944 2258 etiamtunc
975 2214 1184 2255 louiclzetz'c
1214 2213 1504 2269 (pellucidus),
1537 2215 1684 2256 caitoir
1705 2214 1894 2270 (pubes),
1926 2216 1984 2256 ‘rit
2014 2215 2108 2270 (va-

141 2283 258 2335 dum.;
299 2285 348 2325 cf.
389 2284 734 2339 Augustoritum,
770 2282 938 2325 Galliae
976 2281 1238 2339 oppidum),
1263 2295 1360 2336 ‘neap
1399 2280 1574 2335 (filius),
1616 2283 1704 2336 erip
1742 2281 1957 2337 (pecten),
1998 2297 2106 2338 quae

140 2350 264 2392 hodie
296 2358 395 2392 sunt
426 2351 707 2406 llywycleedc'9r‚
740 2352 880 2400 cedor,
911 2350 1014 2404 sycl,
1046 2348 1160 2401 mab,
1190 2347 1305 2403 (πὸ.Ι
1357 2347 1515 2390 Tamen
1554 2348 1678 2390 huius
1716 2363 1884 2404 quoque
1914 2349 2106 2392 infectio-

139 2418 207 2460 nis
239 2419 358 2461 initia
388 2419 493 2461 satis
524 2408 691 2460 vetusta
722 2432 817 2459 esse
848 2418 1109 2458 demonstrat
1136 2431 1225 2458 non
1251 2416 1385 2457 solum
1415 2415 1555 2458 media
1578 2431 1605 2471 9
1635 2416 1776 2463 finalis
1818 2417 1990 2473 saepius
2018 2433 2106 2464 *ex-

142 2501 268 2528 cussa
306 2487 548 2542 (destituta)
587 2486 630 2528 in
659 2485 792 2527 isdem
833 2484 990 2540 glossis
1031 2483 1275 2538 cambriciS,
1314 2489 1399 2526 tam
1427 2483 1569 2526 finalis
1608 2484 1928 2543 quaininterna
1957 2485 2001 2526 in
2031 2502 2105 2528 vo-

143 2554 264 2597 cibus
303 2554 473 2611 linguae
503 2568 702 2596 romanae
740 2552 923 2609 gallicae
956 2551 1025 2594 vel
1053 2550 1380 2604 vetustioribus,
1420 2551 1496 2594 sed
1533 2551 1657 2592 etiam
1694 2549 1883 2593 tenuium
1918 2551 2105 2608 ipsarum

144 2622 360 2665 destitutio
390 2621 504 2664 haud
522 2637 619 2664 rara
647 2621 691 2662 in
724 2621 869 2663 cadem
899 2620 1045 2675 lingua
1074 2617 1228 2674 gallica
1258 2624 1394 2660 aetate
1426 2625 1538 2660 certe
1570 2618 1839 2674 carolingica,
1872 2621 2116 2663 secundum*

141 2690 311 2733 codices
351 2695 487 2732 terrae
519 2689 775 2731 continentis
808 2688 996 2730 eiusdem
1032 2686 1203 2737 aetatis,
1243 2685 1280 2728 si
1317 2700 1404 2727 non
1434 2684 1679 2741 superioris.
1750 2685 1960 2741 Exempla
2000 2687 2105 2730 iuli-a

141 2764 371 2813 sequentur
402 2757 447 2798 in
477 2757 615 2799 classe
644 2756 873 2798 mediarum
908 2761 949 2796 et
978 2754 1167 2796 tenuium
1196 2751 1538 2796 britannicarum.

250 2823 454 2867 Dicemus
484 2824 613 2880 igitur
643 2824 822 2880 primum
854 2823 905 2864 de
926 2828 1076 2863 natura
1106 2827 1148 2862 et
1178 2819 1406 2862 infectione
1438 2834 1731 2873 consonarum,
1762 2821 2007 2876 praesertim
2036 2821 2105 2863 'in-

138 2899 350 2934 ternarum
388 2898 429 2934 et
458 2891 647 2933 finalium
689 2891 770 2945 (de
803 2889 1003 2932 consonis
1033 2886 1340 2945 principalibus
1380 2886 1529 2929 videas
1568 2887 1614 2928 in
1644 2886 1775 2929 altero
1815 2888 2005 2943 capite),
2051 2904 2104 2930 ex

140 2960 288 3002 ordine
318 2959 539 3011 classium,
580 2960 776 3015 quoniam
809 2972 1023 2999 consonae
1054 2955 1314 3011 singularum
1345 2954 1544 2997 classium
1580 2954 1668 2996 fere
1699 2954 1957 2997 concordant
1994 2955 2104 2998 inter

141 3042 188 3071 se
218 3027 466 3070 infectione.

980 3147 1264 3203 Liquidae.

254 3198 304 3269 L
331 3197 402 3268 M
433 3198 498 3272 N
528 3199 606 3270 R.
666 3226 718 3270 In
752 3229 934 3271 vetustis
965 3226 1207 3269 nominibus
1238 3224 1404 3280 gallicis
1434 3224 1503 3266 vel
1522 3224 1785 3266 britannicis.
1833 3224 2100 3280 Singulares:

140 3290 396 3337 Lemannus
437 3294 562 3339 Caes.
606 3292 643 3334 Γ
642 3289 806 3343 άλατος
823 3333 833 3355 ι,
848 3294 1071 3349 (Boiorum
1099 3292 1196 3348 rex)
1235 3291 1385 3348 Polyb.
1425 3291 1647 3335 Cilurnum
1686 3290 1898 3345 (Britann.
1937 3292 2101 3348 oppid.)

138 3360 273 3404 Notit.
309 3362 424 3418 dign.
460 3359 692 3421 Μώμορος
729 3360 841 3405 Plut.
884 3361 971 3416 (ed.
1001 3359 1162 3404 Reiske
1196 3360 1261 3414 10,
1291 3359 1406 3416 732).
1465 3358 1745 3428 Camaracum
1773 3357 1871 3400 Itin.
1902 3354 2104 3402 Gamales
